3356 5266
424 355 485 415 112
775 369 1009 415 ureuouncnmr
1026 356 1194 412 urrunnun.
1285 405 1286 413 ,

419 552 505 596 mum
521 528 698 596 Dominum
713 528 837 612 Regem
853 529 1035 612 Hungarie,
1053 529 1136 592 siout
1151 525 1286 592 inferius
1309 528 1371 592 tibi
1391 527 1546 592 dicemus.

332 677 335 684 .
419 632 634 722 Imperatoris
650 641 760 701 autem
777 635 947 720 Majestati
964 635 1164 718 presentabis
1188 637 1302 700 literas
1328 641 1459 702 nostras
1482 655 1547 699 cre-

422 747 587 827 nentiales,
612 743 777 828 faciesque
802 746 832 808 ei
857 746 1190 810 recommendationes
1216 750 1247 808 et
1271 745 1452 808 oblationes
1475 765 1548 807 con-

421 861 539 933 suetas,
556 834 628 918 cum
643 852 711 917 illis
726 850 820 917 bonis
836 857 871 916 et
885 850 1104 916 accomodatis
1120 851 1235 932 verbis,
1259 873 1323 935 que
1339 858 1395 916 tue
1411 850 1549 934 pruden-

420 967 465 1029 tie
481 964 692 1040 uidebuntur3
716 965 831 1042 postea
855 960 1032 1044 subjunges
1057 959 1156 1026 fuisse
1182 961 1233 1026 his
1258 960 1416 1044 proximis
1436 958 1549 1024 diebus

421 1073 462 1138 ad
495 1091 553 1135 nos
579 1069 634 1154 Sp.
659 1069 834 1134 Dominum
864 1069 1029 1134 Joanuem
1062 1068 1279 1133 secretarium
1309 1074 1343 1133 et
1375 1068 1551 1134 Oratorem

421 1201 523 1260 suum,
540 1179 595 1262 qui
611 1183 705 1260 parte
728 1176 946 1260 Imperatoris
971 1176 1162 1260 Majestatis
1179 1173 1245 1241 Sue
1270 1175 1364 1240 nobis
1388 1177 1549 1258 exposuit,

421 1295 578 1372 quantum
595 1291 665 1350 erat
680 1285 870 1350 intentionis
886 1284 951 1350 Sue
967 1284 1159 1351 Serenitatis
1185 1287 1271 1350 circa
1295 1284 1384 1349 illius
1409 1283 1550 1350 rebelles

420 1403 487 1460 tam
504 1394 722 1478 Tergestinos,
738 1415 836 1478 quam
854 1393 978 1458 Portus
997 1392 1132 1475 Naonis,
1148 1392 1234 1457 etde
1250 1393 1336 1476 liiga
1352 1394 1452 1457 etiam
1479 1413 1550 1458 oum

421 1503 554 1569 Summo
580 1499 740 1566 Pontifice
767 1521 825 1583 pro
850 1498 945 1564 rebus
972 1500 1072 1564 Italie
1097 1503 1294 1566 mentionem
1314 1500 1409 1580 lecit,
1435 1501 1551 1566 ultimo

420 1614 492 1680 loco
508 1612 549 1676 de
565 1610 771 1674 concessione
787 1629 845 1690 per
860 1630 919 1673 nos
936 1608 1033 1685 sacta,
1060 1615 1096 1672 ut
1120 1631 1234 1674 currus
1260 1616 1292 1673 et
1308 1631 1419 1674 saume
1446 1616 1552 1675 vecto-

421 1744 491 1787 rum
517 1719 756 1785 teotonicorum
773 1722 907 1800 possent
927 1717 1023 1800 juxta
1040 1717 1301 1782 consuetudinem
1318 1717 1459 1782 transire
1476 1739 1550 1782 cum

421 1827 582 1893 mercibus
598 1847 702 1908 usque
718 1823 855 1890 Portum
873 1822 1060 1902 Gruarium,
1071 1832 1104 1890 et
1120 1847 1158 1888 ex
1175 1831 1272 1908 portu
1284 1826 1317 1888 in
1328 1822 1550 1890 Allemanism

422 1938 545 2019 absque
570 1933 747 2000 mutatione
763 1931 912 1997 facienda
936 1932 969 1996 in
996 1930 1168 2014 Glemona,
1199 1935 1319 1998 sicuta
1344 1955 1446 2017 parvo
1472 1941 1553 1998 tem·

421 2066 501 2128 pore
518 2044 600 2108 citra
614 2040 663 2106 illi
679 2041 720 2104 de
736 2037 898 2105 Glemona
914 2061 1100 2123 usurpasse,
1115 2047 1148 2104 et
1164 2041 1335 2106 innovasse
1360 2044 1550 2108 mercatori-

422 2153 484 2218 bus
500 2157 615 2217 contra
640 2154 780 2214 veterem
800 2169 911 2212 eorum
936 2147 1123 2213 libertatem
1148 2147 1344 2214 videbantur
1369 2158 1402 2214 et
1427 2157 1487 2215 ect.
1504 2151 1551 2214 Et

422 2265 504 2328 sicut
521 2261 625 2326 eidem
640 2259 783 2324 Domino
798 2258 824 2322 J
825 2257 932 2336 oanni,
949 2257 1057 2339 quoad
1080 2257 1202 2322 factum
1228 2258 1496 2342 Tergestinorum
1519 2267 1551 2322 et

422 2373 528 2438 Portu
544 2368 768 2435 Naonensium
779 2365 1022 2449 respondimus3
1038 2368 1085 2430 ita
1095 2389 1152 2450 per
1162 2369 1407 2450 tereplicamus,
1417 2389 1551 2432 curasse

422 2503 481 2558 nos
499 2480 587 2545 omni
604 2477 784 2559 diligentia,
801 2482 837 2539 ut
850 2475 983 2557 justicia
999 2476 1239 2540 ministraretur
1254 2483 1367 2540 contra
1383 2476 1459 2540 illos
1476 2477 1552 2540 sub·

423 2592 508 2656 ditos
539 2595 677 2680 nostros,
708 2585 763 2668 qui
794 2585 827 2647 in
859 2604 934 2648 casu
966 2584 1053 2648 illius
1092 2585 1336 2667 depredationis
1371 2584 1552 2649 rebellibus

422 2697 608 2781 Majestatis
624 2717 680 2760 suo
697 2692 855 2772 faverant,
873 2712 935 2773 que
956 2693 1087 2776 justicia
1113 2715 1171 2775 pro
1198 2693 1360 2774 qualitate
1384 2693 1476 2776 culpe
1493 2695 1553 2757 mi-

422 2809 565 2873 nistrata
595 2809 652 2882 est,
677 2822 782 2882 neque
808 2801 951 2864 severius
975 2799 1106 2882 procedi
1139 2807 1255 2864 contra
1280 2799 1353 2863 illos
1384 2799 1554 2882 potuisset,

423 2937 522 3000 quam
536 2912 640 2977 visum
657 2914 706 2975 est
730 2915 839 2973 errata
856 2929 915 2973 sua
930 2909 1055 2990 mereri,
1067 2908 1287 2992 jussimusque
1312 2909 1553 2972 restitutionem

423 3025 592 3104 bonorum,
616 3019 682 3084 sive
707 3015 961 3082 satislactionem
988 3015 1057 3080 lieri
1079 3017 1174 3097 juxta
1199 3017 1322 3097 consilij
1350 3018 1453 3081 nostri
1473 3016 1554 3080 deli-

423 3131 633 3208 berationem,
649 3125 896 3208 necquicquam
912 3123 1105 3201 obmisinnus,
1116 3123 1194 3208 quid
1204 3146 1262 3206 per
1279 3145 1345 3204 noa,
1355 3133 1554 3207 nostrosque

423 3239 657 3315 Advocatores,
682 3230 798 3316 quibus
823 3254 892 3296 rem
908 3231 1084 3296 efficaciter
1109 3232 1345 3295 commissimus
1371 3231 1452 3312 ficri,
1478 3254 1553 3296 cum

419 3345 553 3431 justicia
569 3341 684 3427 potuit.
709 3339 754 3404 Et
779 3341 806 3404 si
832 3360 891 3423 pro
917 3340 1123 3404 restitutione
1150 3339 1216 3402 sive
1243 3337 1463 3402 satisfactione
1482 3361 1556 3422 pre-

424 3456 511 3533 dicta
536 3452 709 3536 quicquam
736 3446 919 3512 faciendum
945 3454 1059 3526 restat,
1085 3447 1228 3512 tacturos
1260 3468 1318 3510 nos
1352 3446 1555 3528 pollicemur.

422 3561 575 3644 Exiticijs
590 3563 699 3624 autem
716 3558 783 3621 suis
799 3556 921 3620 Portus
937 3556 1065 3622 Naonis
1091 3555 1221 3619 exilium
1248 3553 1394 3618 dedimus
1421 3577 1460 3618 ex
1484 3555 1556 3618 uni-

424 3689 515 3735 versa
531 3668 640 3754 patria
665 3671 796 3744 nostra3
823 3662 1025 3747 Tergestinis
1050 3669 1159 3726 autem
1186 3684 1226 3750 es
1252 3667 1323 3726 tota
1348 3659 1497 3744 Hystria,
1514 3683 1555 3726 ne

426 3781 504 3863 quid
520 3799 578 3862 per
593 3775 792 3841 occasionem
809 3773 917 3838 moliri
933 3778 1047 3835 contra
1064 3777 1186 3836 statum
1202 3771 1419 3854 Imperatorio
1433 3769 1557 3853 Majes-

424 3891 502 3956 tatis
519 3887 584 3954 Sue
599 3885 714 3969 possit.

531 3996 581 4062 De
596 3989 854 4077 possessionibus
871 3987 1137 4071 Tergestinorum
1155 3987 1294 4053 venditis
1321 4009 1380 4072 pro
1407 3984 1558 4052 satisfac·

423 4109 513 4173 tione
529 4103 618 4168 illius
635 4099 748 4165 hebrei
763 4096 946 4180 intelligere
967 4097 1217 4180 perquisivimus
1235 4119 1270 4161 re
1297 4095 1397 4178 illam,
1421 4102 1456 4160 et
1471 4117 1558 4161 com-

425 4215 569 4302 perimus
583 4212 617 4275 in
633 4231 672 4274 ea
689 4230 760 4273 cum
788 4207 931 4271 maxima
955 4205 1125 4270 honestato
1151 4212 1183 4271 et
1205 4205 1339 4288 justicia
1365 4203 1465 4268 fuisse
1481 4225 1557 4286 pro-

425 4345 553 4392 cessum
568 4327 601 4386 et
617 4327 676 4384 ect.

531 4428 584 4493 De
599 4427 686 4510 Ligu
701 4449 774 4495 cnm
791 4425 926 4492 Summo
943 4423 1114 4504 Pontifioe,
1130 4425 1261 4506 quando
1278 4423 1439 4488 Dominus
1455 4417 1558 4486 Joan-

424 4563 482 4607 nes
498 4539 541 4604 ad
567 4555 626 4602 nos
649 4537 745 4619 veuit,
770 4555 900 4601 eramus
927 4531 962 4598 in
986 4532 1135 4616 practica
1159 4553 1232 4596 cum
1248 4532 1287 4597 B.
1304 4529 1461 4615 predicta,
1484 4551 1558 4594 cum

1666 4391 1668 4430 l

1667 4435 1668 4456 1

1666 4499 1668 4534 l
