3356 5266
823 335 1059 384 nrnnousczm
1075 324 1244 383 urrunnun.

1009 717 1061 780 rs.

533 877 763 966 recurreno
778 876 893 964 scrop
909 875 1046 965 osores
1062 875 1260 942 νοω.
1270 875 1427 942 nmne
1443 875 1535 941 cns.

575 1054 723 1122 Mathiss
753 1054 817 1121 Dei
848 1055 959 1138 gratis
983 1053 1056 1122 Rex
1080 1054 1236 1140 Ungerie,
1261 1053 1438 1140 Dalmatis,
1461 1052 1607 1120 crem

467 1170 530 1231 etc.
544 1161 655 1232 Ill-mo
671 1163 822 1250 Principi
837 1162 926 1230 D-no
950 1161 1131 1231 Francisco
1156 1161 1243 1230 Duci
1267 1161 1456 1244 Mediolani,
1480 1161 1604 1228 Amico

468 1283 579 1342 nostro
596 1274 773 1343 carissimo.
789 1271 936 1340 Salutem
950 1279 984 1340 et
999 1293 1174 1358 prosperos
1189 1273 1232 1340 ed
1248 1277 1326 1339 vota
1342 1293 1520 1338 successus.

573 1382 682 1448 Ill-me
698 1381 864 1467 Princeps
881 1381 1034 1450 Misimus
1060 1381 1284 1466 demandato
1311 1379 1515 1448 sanctissimi
1535 1377 1605 1446 Do·

467 1491 546 1558 mini
577 1489 689 1572 nostri,
713 1488 839 1556 Summi
865 1487 1034 1556 Pontificio
1065 1489 1109 1555 sd
1133 1488 1268 1556 Dietnm
1299 1511 1357 1574 per
1381 1488 1603 1555 sanctitatem

468 1597 569 1666 Suom
579 1599 745 1680 indictum,
760 1605 906 1664 oratores
922 1605 1052 1666 nostros
1070 1598 1181 1665 fideles
1198 1604 1232 1664 et
1242 1599 1374 1665 devotos
1390 1596 1602 1663 Reverendos

471 1709 506 1773 in
516 1705 649 1773 Christo
660 1707 777 1773 Patres
786 1705 1390 1775 DominosAibertumGzenedienscrn
1401 1728 1441 1772 so
1450 1706 1606 1772 Francis·

466 1839 540 1884 cum
557 1814 808 1882 Gorbavisnsem
833 1817 1042 1882 ecclesiarum
1058 1817 1250 1900 Episcopus,
1266 1838 1326 1882 nec
1343 1837 1408 1882 non
1432 1813 1605 1899 Spectabi-

468 1927 530 1992 lem
546 1931 580 1990 et
595 1923 807 2008 Magnificum
823 1923 996 1992 Stefsnum
1012 1925 1053 1990 de
1069 1925 1282 2009 Frnngspani
1299 1924 1416 2009 Segne,
1431 1925 1553 2008 Veglie
1570 1930 1604 1988 et

468 2032 638 2100 Modrusie
655 2030 825 2116 Comitem,
842 2054 881 2099 nc
907 2033 1138 2101 venerabilem
1163 2040 1197 2098 ct
1220 2034 1400 2116 Egregium
1424 2033 1604 2098 Dominum

469 2139 635 2208 Simonem
651 2140 691 2206 de
708 2140 892 2224 Themisio,
908 2139 1122 2208 Decretorum
1132 2141 1503 2222 Doctorumnectorem
1521 2139 1605 2206 Stri-

469 2251 664 2334 goniensem⁴
681 2248 933 2316 Sub-diaconum
955 2248 1089 2315 Domini
1105 2250 1195 2334 Pape
1220 2256 1254 2314 et
1269 2251 1453 2316 comisimus
1468 2248 1604 2327 eisdem,
1661 2281 1663 2368 p

469 2365 505 2425 nt
520 2359 620 2425 etium
638 2358 679 2424 ad
696 2357 958 2424 Illustrissimsm
974 2358 1238 2425 Dominntionem
1256 2357 1410 2426 Vestram
1436 2379 1469 2423 sc
1492 2355 1603 2421 conie—
1662 2439 1663 2444 ἵ

468 2473 553 2548 rent,
569 2471 677 2532 certas
694 2489 757 2552 res,
774 2489 856 2551 ques
872 2487 931 2532 nos
947 2469 995 2532 eis
1010 2468 1229 2552 imposuimus,
1244 2466 1350 2532 eidem
1374 2465 1427 2531 Ill.
1443 2464 1604 2532 Domina·
1660 2467 1663 2568 t

468 2575 551 2640 tioni
566 2575 712 2642 relaturi.
729 2573 835 2660 Quom
852 2575 893 2640 ob
909 2597 977 2640 rem
992 2576 1080 2660 ipsos
1098 2573 1257 2641 Oratores
1273 2581 1403 2641 nostros
1417 2572 1471 2640 Ill.
1488 2571 1604 2640 Domi·
1661 2571 1663 2596 ²

468 2684 592 2749 ustioni
608 2681 729 2753 Vestro
745 2682 988 2749 commendatos
1004 2683 1138 2750 facimus
1155 2691 1188 2748 et
1203 2705 1367 2766 rogamus,
1377 2690 1479 2748 utens
1489 2682 1601 2748 debito

468 2788 579 2857 favore
603 2799 756 2876 acceptos
781 2791 882 2872 dignu
907 2790 1134 2858 benevolentis
1159 2791 1275 2856 audire
1300 2798 1333 2856 et
1351 2793 1400 2872 iis,
1415 2813 1479 2875 que
1496 2792 1603 2858 nostri

469 2904 564 2981 perte
581 2900 762 2982 retulerint,
777 2897 908 2982 plenam
924 2898 1019 2963 fidem
1036 2906 1188 2982 prestere
1205 2899 1366 2982 dignetur.
1382 2898 1434 2964 111.
1445 2897 1603 2968 Domine·
1656 2949 1658 2974 ,

468 3004 515 3070 tio
546 3003 678 3089 Vestro,
706 3013 744 3072 ut
773 3026 834 3091 pro
865 3013 940 3072 voto
970 3007 1087 3087 valeat,
1120 3007 1325 3073 vehementer
1347 3014 1506 3091 optamus.
1536 3008 1603 3072 De·
1655 2979 1658 3058 i

468 3118 537 3178 tum
553 3112 647 3179 Bude
663 3111 749 3181 XX.
759 3111 811 3179 die
826 3113 952 3180 Mensis
964 3113 1035 3201 Mnj
1047 3115 1146 3181 Anno
1157 3117 1290 3182 Domini
1306 3113 1603 3212 ΜΟΟΟΟΙιΧΙΧΙ

576 3257 630 3322 Ill.
646 3257 807 3342 Principi,
822 3257 962 3325 Domino
978 3259 1157 3326 Francisco
1175 3258 1300 3326 Sfortie
1314 3258 1399 3324 Duci
1409 3259 1604 3340 Mediolani,

471 3362 588 3429 Amico
605 3371 726 3432 nostro.

589 3529 717 3592 (Mntnoi
731 3531 894 3597 tllsmlttr.)
