3356 5266
407 293 450 354 90
767 309 1003 354 cononicam
1020 298 1188 356 ananiel.

407 470 596 536 obedituros
612 477 646 534 et
660 469 895 550 observaturos,
912 477 948 534 ut
964 477 1126 552 asserunt,
1142 470 1413 555 adhibiturosque
1430 471 1465 536 in
1482 471 1543 537 hac

407 583 499 660 parte
516 599 642 642 omnem
658 577 905 658 advertentiam,
931 583 964 641 et
990 577 1134 660 ejusdem
1159 579 1270 660 animi,
1294 581 1541 664 constantisque

407 687 565 771 propositi
593 708 700 750 sumna
727 707 807 768 erga
832 687 972 768 Regiam
997 685 1238 754 Sublimitatcin
1264 685 1364 753 Suam
1392 695 1542 772 perpetu·

406 797 482 862 andi
498 796 748 878 intelligentiam
775 803 808 860 et
833 795 1150 861 confoederationem
1177 802 1323 862 nostram
1348 821 1420 862 cuin
1438 820 1485 878 ea,
1511 805 1542 862 et

406 927 470 970 non
487 906 591 971 solum
608 905 818 972 conservandi
835 904 901 984 illa,
919 903 976 969 sed
993 905 1093 970 etiam
1110 905 1251 988 angendi
1274 904 1363 970 illius
1387 906 1474 970 viros
1501 907 1542 971 ad

406 1034 572 1080 comunem
588 1014 826 1096 reputationem
842 1019 876 1078 et
891 1012 1081 1080 beneficium
1098 1014 1268 1097 utriusque
1285 1021 1445 1079 nostrum.

515 1121 558 1200 -l-
607 1126 670 1188 114
716 1163 759 1171 -
808 1125 826 1185 5
874 1161 917 1172 -
963 1125 994 1188 4.

516 1303 674 1366 <Velenczei
686 1304 865 1367 atlamkonyv
883 1305 977 1366 1501.)

891 1485 1044 1492 ...-.....—..—.

944 1723 995 1783 57.

408 1900 503 1966 1468.
530 1900 674 1970 Kivonat
704 1895 875 1965 Gerordaa
905 1901 942 1964 dc
973 1899 1073 1966 Collis
1104 1901 1263 1988 kdcetae'yi
1285 1903 1491 1988 jclcnlefae'bdl
1517 1927 1540 1968 a

406 2006 547 2072 tdro'lclcel
557 2007 691 2072 lcdtcndd
701 2007 809 2072 dc'lcdre
820 2009 852 2072 c'a
863 2031 884 2072 a
895 2008 1039 2072 doaznioi
1048 2009 1539 2098 mozyol¹nteokravoneotlcozo'lay.

513 2203 740 2269 Illustrissimo
767 2203 887 2286 Signor
913 2205 977 2271 mio
994 2205 1272 2287 Singularissiino.
1297 2187 1356 2272 Ali
1373 2205 1538 2272 XXIIII.

405 2311 445 2376 de
463 2318 577 2392 questo
603 2311 645 2376 ho
670 2319 802 2377 receuto
828 2335 892 2377 una
918 2313 957 2377 de
973 2313 1014 2382 V.
1031 2311 1233 2379 Excellentie
1260 2315 1372 2379 datum
1392 2337 1413 2380 a
1436 2313 1539 2382 Pania

405 2419 448 2483 ali
466 2417 545 2486 XV.
563 2421 748 2486 continente
763 2421 797 2485 la
822 2421 948 2486 novelle
973 2421 1014 2487 dc
1038 2421 1169 2486 Franza
1187 2428 1220 2486 et
1245 2421 1277 2486 lo
1304 2421 1470 2486 destinore
1495 2421 1538 2488 ha

405 2527 493 2592 lacto
525 2527 567 2596 V.
594 2528 798 2595 Excellentie
822 2532 864 2595 de
889 2531 998 2613 quello
1021 2529 1169 2614 t'amiglio
1195 2530 1236 2594 de
1262 2530 1538 2615 And1·io11e,qual

405 2655 461 2701 era
477 2643 593 2703 venuto
611 2660 631 2703 a
647 2637 825 2704 sobornare
840 2640 873 2703 la
889 2646 1001 2704 vostra
1016 2647 1113 2721 gente
1132 2640 1244 2705 ‹larme
1262 2647 1337 2705 etc..
1354 2689 1360 2703 .
1375 2688 1381 2703 .
1398 2690 1405 2704 .

511 2759 620 2830 Credo
646 2763 854 2831 domandano
881 2772 994 2848 queste
1020 2787 1111 2832 cosso
1138 2787 1202 2830 non
1227 2765 1356 2832 satibile
1374 2786 1432 2849 per
1448 2767 1538 2832 venir

403 2891 465 2954 poy
481 2871 523 2936 ho
540 2872 583 2936 ad
599 2872 668 2936 fare
684 2873 717 2938 la
734 2896 813 2956 pace
829 2895 926 2939 senza
944 2874 1020 2957 liga,
1031 2875 1074 2940 ho
1084 2875 1157 2940 afar
1173 2875 1278 2940 maior
1295 2875 1536 2941 contiibutione

404 2978 458 3042 ala
482 2979 613 3062 inpreaa
640 2979 692 3045 del
710 2979 852 3062 Turch0,
879 3005 898 3046 a
924 2981 1066 3050 Venetia
1091 3004 1155 3047 non
1181 2983 1209 3047 si
1233 2982 1267 3048 la
1286 2983 1536 3049 dimostrationc

405 3087 523 3152 alcuna
548 3087 754 3154 extrinaccha
779 3089 819 3154 de
836 3111 963 3172 guerra,
989 3092 1079 3156 salvo
1105 3093 1164 3156 che
1191 3094 1217 3156 si
1244 3091 1393 3157 acumula
1412 3093 1535 3176 grande

405 3193 520 3277 dinari,
536 3195 699 3260 riscotano
715 3195 776 3260 due
793 3196 914 3262 decime
932 3200 1028 3263 misso
1045 3200 1084 3263 do
1110 3221 1192 3264 nova
1212 3223 1232 3264 a
1248 3201 1372 3281 grando
1396 3201 1492 3281 furia,
1509 3201 1536 3267 si

405 3303 476 3368 dice
493 3301 584 3382 bene,
600 3302 659 3368 che
684 3311 825 3388 tengano
850 3307 977 3388 pratica.
1003 3330 1061 3371 con
1088 3309 1118 3371 lo
1136 3309 1254 3391 Signor
1279 3307 1487 3392 Sigismondo
1503 3309 1535 3374 lo
1626 3384 1630 3391 ,

405 3409 525 3492 Signor
542 3411 584 3475 da
602 3407 776 3478 Camarino
793 3423 824 3478 ct
842 3415 949 3478 Brazo
968 3413 1010 3478 da
1028 3414 1162 3496 Perosa,
1179 3417 1261 3480 etin
1279 3415 1366 3480 omni
1389 3417 1534 3498 oonsiglo

403 3519 480 3583 lano
497 3517 626 3584 elezano
652 3521 759 3586 alcuni
784 3523 894 3586 comiti
919 3529 951 3586 et
977 3525 1185 3606 sopracomiti
1211 3525 1251 3588 de
1275 3525 1368 3607 galee
1391 3547 1449 3608 per
1466 3524 1535 3589 faro

404 3626 555 3693 l’armata
570 3635 684 3694 contro
701 3629 732 3695 lo
750 3629 889 3709 Tarcho,
906 3639 938 3695 et
954 3631 1222 3698 incomcnzarano
1242 3655 1262 3696 a
1277 3639 1380 3698 matre
1409 3632 1535 3698 bancho

404 3757 462 3818 per
477 3741 548 3802 tuto
565 3735 689 3802 febraio
707 3744 740 3802 et
755 3737 1023 3804 incomcnzarano
1041 3761 1061 3803 a
1076 3746 1198 3804 metere
1224 3743 1258 3805 in
1275 3747 1376 3822 ponto
1392 3741 1423 3805 le
1439 3739 1534 3824 galia

511 3843 559 3908 Lo
577 3842 708 3909 Tarcho
725 3845 770 3909 ali
787 3845 839 3910 die
855 3849 979 3930 passati
999 3849 1041 3912 ha
1057 3848 1144 3914 sacto
1161 3851 1230 3914 fare
1247 3850 1373 3914 corarie
1390 3849 1435 3913 fin
1451 3871 1490 3914 au
1505 3848 1535 3913 le

403 3959 496 4036 porte
512 3951 552 4017 de
568 3952 666 4034 Zara,
684 3961 717 4018 et
743 3953 899 4040 Sobinigo
925 3963 958 4020 ct
983 3956 1124 4022 conduto
1149 3958 1202 4022 via
1226 3958 1327 4022 molta
1353 3959 1460 4023 anime
1476 3979 1536 4039 per

403 4067 551 4126 restauro
568 4061 609 4128 dc
626 4064 732 4147 cluelle
749 4086 827 4130 sono
843 4066 1013 4131 manchate
1030 4067 1063 4130 in
1081 4066 1366 4148 Constantinopoli
1392 4070 1426 4130 et
1443 4061 1534 4130 Gali-

402 4169 469 4252 poli
484 4190 543 4252 per
558 4170 591 4234 la
607 4177 708 4254 peste,
724 4179 757 4236 et
773 4172 912 4237 secondo
938 4195 988 4238 me
1005 4175 1075 4239 dice
1099 4195 1163 4238 uno
1181 4175 1246 4238 mio
1263 4175 1377 4251 amico,
1396 4170 1535 4254 Ysabeg

404 4275 580 4361 Capitonio
605 4281 645 4344 de
670 4281 782 4346 Bosna
807 4281 849 4346 ha
874 4281 1028 4348 mandato
1055 4303 1110 4366 acy
1136 4281 1228 4346 milia
1254 4281 1370 4362 turchi,
1396 4285 1429 4345 et
1455 4299 1534 4343 sono

404 4391 568 4470 aoampati
584 4389 626 4453 ad
643 4411 708 4454 una
724 4396 815 4454 terra
831 4389 996 4456 chiamata
1013 4391 1166 4472 Tutiano,
1177 4395 1272 4473 posta
1287 4389 1320 4453 in
1337 4409 1427 4454 mezo
1444 4388 1535 4473 Zara

404 4500 438 4562 et
454 4491 611 4580 Sebinigo
626 4497 678 4562 fra
693 4503 782 4563 terra
797 4521 863 4564 una
888 4506 1033 4580 zornata,
1060 4506 1093 4564 ct
1108 4499 1197 4564 dicta
1222 4504 1313 4563 terra
1329 4499 1369 4563 he
1384 4497 1425 4562 do
1441 4493 1534 4562 Tuti-
