<?xml version="1.0" encoding="UTF-8"?>
<!DOCTYPE html PUBLIC "-//W3C//DTD XHTML 1.0 Transitional//EN"
    "http://www.w3.org/TR/xhtml1/DTD/xhtml1-transitional.dtd">
<html xmlns="http://www.w3.org/1999/xhtml" xml:lang="en" lang="en">
 <head>
  <title>
</title>
<meta http-equiv="Content-Type" content="text/html;charset=utf-8" />
  <meta name='ocr-system' content='tesseract 3.04.00' />
  <meta name='ocr-capabilities' content='ocr_page ocr_carea ocr_par ocr_line ocrx_word'/>
</head>
<body>
  <div class='ocr_page' id='page_1' title='image "./magyardiplomacz00mattgoog_0055.png"; bbox 0 0 3334 5276; ppageno 0'>
   <div class='ocr_carea' id='block_1_1' title="bbox 377 311 1154 404">
    <p class='ocr_par' dir='ltr' id='par_1_1' title="bbox 377 311 1154 404">
     <span class='ocr_line' id='line_1_1' title="bbox 377 311 1154 404; baseline 0 -20"><span class='ocrx_word' id='word_1_1' title='bbox 377 323 417 385; x_wconf 85' lang='lat'><strong>18</strong></span> <span class='ocrx_word' id='word_1_2' title='bbox 616 396 620 404; x_wconf 63' lang='lat'>„</span> <span class='ocrx_word' id='word_1_3' title='bbox 733 311 966 387; x_wconf 72' lang='lat' dir='ltr'><strong>orrnouscztsr</strong></span> <span class='ocrx_word' id='word_1_4' title='bbox 985 325 1154 385; x_wconf 75' lang='lat' dir='ltr'><strong>anebsan.</strong></span> 
     </span>
    </p>
   </div>
   <div class='ocr_carea' id='block_1_2' title="bbox 376 497 1647 694">
    <p class='ocr_par' dir='ltr' id='par_1_2' title="bbox 376 497 1647 694">
     <span class='ocr_line' id='line_1_2' title="bbox 376 497 1635 584; baseline -0.002 -19"><span class='ocrx_word' id='word_1_5' title='bbox 376 497 516 578; x_wconf 83' lang='lat' dir='ltr'><strong>rioribus</strong></span> <span class='ocrx_word' id='word_1_6' title='bbox 532 497 647 566; x_wconf 90' lang='lat' dir='ltr'><strong>diebus</strong></span> <span class='ocrx_word' id='word_1_7' title='bbox 664 500 779 565; x_wconf 88' lang='lat' dir='ltr'><strong>advos</strong></span> <span class='ocrx_word' id='word_1_8' title='bbox 796 500 1003 582; x_wconf 88' lang='lat' dir='ltr'><strong>scripsimus;</strong></span> <span class='ocrx_word' id='word_1_9' title='bbox 1019 519 1121 582; x_wconf 87' lang='lat' dir='ltr'>nuper</span> <span class='ocrx_word' id='word_1_10' title='bbox 1148 499 1233 566; x_wconf 90' lang='lat' dir='ltr'><strong>enim</strong></span> <span class='ocrx_word' id='word_1_11' title='bbox 1259 521 1317 584; x_wconf 90' lang='lat' dir='ltr'><strong>per</strong></span> <span class='ocrx_word' id='word_1_12' title='bbox 1346 501 1508 584; x_wconf 75' lang='lat' dir='ltr'><strong>quendam</strong></span> <span class='ocrx_word' id='word_1_13' title='bbox 1634 538 1635 541; x_wconf 59' lang='lat'><em>=</em></span> 
     </span>
     <span class='ocr_line' id='line_1_3' title="bbox 376 606 1647 694; baseline -0.001 -22"><span class='ocrx_word' id='word_1_14' title='bbox 376 609 496 672; x_wconf 91' lang='lat' dir='ltr'><strong>socium</strong></span> <span class='ocrx_word' id='word_1_15' title='bbox 532 606 728 694; x_wconf 87' lang='lat' dir='ltr'><strong>Cancellarij</strong></span> <span class='ocrx_word' id='word_1_16' title='bbox 756 609 834 673; x_wconf 89' lang='lat' dir='ltr'><strong>olim</strong></span> <span class='ocrx_word' id='word_1_17' title='bbox 861 607 972 692; x_wconf 88' lang='lat' dir='ltr'><strong>Bajuli</strong></span> <span class='ocrx_word' id='word_1_18' title='bbox 994 608 1097 673; x_wconf 81' lang='lat' dir='ltr'>nostri</span> <span class='ocrx_word' id='word_1_19' title='bbox 1122 607 1440 693; x_wconf 73' lang='lat' dir='ltr'><strong>Constantinopolis,</strong></span> <span class='ocrx_word' id='word_1_20' title='bbox 1456 611 1512 692; x_wconf 90' lang='lat' dir='ltr'><strong>qui</strong></span> <span class='ocrx_word' id='word_1_21' title='bbox 1641 639 1647 656; x_wconf 88' lang='lat'><strong>·</strong></span> 
     </span>
    </p>
   </div>
   <div class='ocr_carea' id='block_1_3' title="bbox 373 713 1512 4582">
    <p class='ocr_par' dir='ltr' id='par_1_3' title="bbox 374 713 1512 3610">
     <span class='ocr_line' id='line_1_4' title="bbox 375 713 1511 800; baseline 0 -20"><span class='ocrx_word' id='word_1_22' title='bbox 375 716 585 780; x_wconf 90' lang='lat' dir='ltr'><strong>commitante</strong></span> <span class='ocrx_word' id='word_1_23' title='bbox 619 715 761 800; x_wconf 81' lang='lat' dir='ltr'><strong>quodam</strong></span> <span class='ocrx_word' id='word_1_24' title='bbox 795 715 916 782; x_wconf 88' lang='lat' dir='ltr'><strong>hebreo</strong></span> <span class='ocrx_word' id='word_1_25' title='bbox 962 713 1112 782; x_wconf 75' lang='lat' dir='ltr'><strong>Cretensi</strong></span> <span class='ocrx_word' id='word_1_26' title='bbox 1152 737 1192 780; x_wconf 83' lang='lat' dir='ltr'><strong>ex</strong></span> <span class='ocrx_word' id='word_1_27' title='bbox 1223 715 1511 800; x_wconf 73' lang='lat' dir='ltr'><strong>Constantinopoli</strong></span> 
     </span>
     <span class='ocr_line' id='line_1_5' title="bbox 377 822 1512 910; baseline 0 -22"><span class='ocrx_word' id='word_1_28' title='bbox 377 823 575 891; x_wconf 79' lang='lat' dir='ltr'><strong>discesserat</strong></span> <span class='ocrx_word' id='word_1_29' title='bbox 610 823 662 890; x_wconf 90' lang='lat' dir='ltr'><strong>die</strong></span> <span class='ocrx_word' id='word_1_30' title='bbox 700 822 784 889; x_wconf 90' lang='lat' dir='ltr'><strong>XX.</strong></span> <span class='ocrx_word' id='word_1_31' title='bbox 818 823 992 908; x_wconf 82' lang='lat' dir='ltr'><strong>Februarij</strong></span> <span class='ocrx_word' id='word_1_32' title='bbox 1033 830 1066 888; x_wconf 84' lang='lat' dir='ltr'><strong>et</strong></span> <span class='ocrx_word' id='word_1_33' title='bbox 1109 844 1169 908; x_wconf 92' lang='lat' dir='ltr'><strong>per</strong></span> <span class='ocrx_word' id='word_1_34' title='bbox 1193 823 1417 910; x_wconf 61' lang='lat' dir='ltr'><strong>{Philippolim</strong></span> <span class='ocrx_word' id='word_1_35' title='bbox 1449 825 1512 888; x_wconf 86' lang='lat' dir='ltr'><strong>iter</strong></span> 
     </span>
     <span class='ocr_line' id='line_1_6' title="bbox 375 931 1510 1017; baseline 0 -21"><span class='ocrx_word' id='word_1_36' title='bbox 375 936 498 1012; x_wconf 87' lang='lat' dir='ltr'><strong>tenens,</strong></span> <span class='ocrx_word' id='word_1_37' title='bbox 514 932 547 996; x_wconf 91' lang='lat' dir='ltr'><strong>in</strong></span> <span class='ocrx_word' id='word_1_38' title='bbox 558 932 693 996; x_wconf 88' lang='lat' dir='ltr'><strong>Italiam</strong></span> <span class='ocrx_word' id='word_1_39' title='bbox 711 932 819 996; x_wconf 90' lang='lat' dir='ltr'><strong>rediit.</strong></span> <span class='ocrx_word' id='word_1_40' title='bbox 831 931 1053 1016; x_wconf 77' lang='lat' dir='ltr'><strong>Dirces-sitque</strong></span> <span class='ocrx_word' id='word_1_41' title='bbox 1065 953 1104 996; x_wconf 89' lang='lat' dir='ltr'><strong>ex</strong></span> <span class='ocrx_word' id='word_1_42' title='bbox 1113 931 1315 1017; x_wconf 92' lang='lat' dir='ltr'><strong>Philipopoli</strong></span> <span class='ocrx_word' id='word_1_43' title='bbox 1325 933 1376 996; x_wconf 91' lang='lat' dir='ltr'><strong>die</strong></span> <span class='ocrx_word' id='word_1_44' title='bbox 1389 931 1510 1001; x_wconf 87' lang='lat' dir='ltr'><strong>VIIII.</strong></span> 
     </span>
     <span class='ocr_line' id='line_1_7' title="bbox 375 1038 1507 1125; baseline -0.002 -21"><span class='ocrx_word' id='word_1_45' title='bbox 375 1039 501 1122; x_wconf 86' lang='lat' dir='ltr'><strong>Marcii,</strong></span> <span class='ocrx_word' id='word_1_46' title='bbox 517 1041 647 1105; x_wconf 90' lang='lat' dir='ltr'><strong>nomine</strong></span> <span class='ocrx_word' id='word_1_47' title='bbox 662 1039 855 1106; x_wconf 89' lang='lat' dir='ltr'><strong>Maohumet</strong></span> <span class='ocrx_word' id='word_1_48' title='bbox 871 1039 975 1105; x_wconf 91' lang='lat' dir='ltr'><strong>Basse</strong></span> <span class='ocrx_word' id='word_1_49' title='bbox 992 1039 1174 1106; x_wconf 91' lang='lat' dir='ltr'><strong>consimilia</strong></span> <span class='ocrx_word' id='word_1_50' title='bbox 1190 1038 1290 1104; x_wconf 89' lang='lat' dir='ltr'><strong>verba</strong></span> <span class='ocrx_word' id='word_1_51' title='bbox 1305 1041 1397 1125; x_wconf 87' lang='lat' dir='ltr'><strong>pacis</strong></span> <span class='ocrx_word' id='word_1_52' title='bbox 1414 1038 1507 1105; x_wconf 90' lang='lat' dir='ltr'><strong>nobis</strong></span> 
     </span>
     <span class='ocr_line' id='line_1_8' title="bbox 375 1148 1505 1234; baseline -0.002 -22"><span class='ocrx_word' id='word_1_53' title='bbox 375 1150 482 1214; x_wconf 89' lang='lat' dir='ltr'><strong>relata</strong></span> <span class='ocrx_word' id='word_1_54' title='bbox 498 1153 582 1234; x_wconf 88' lang='lat' dir='ltr'><strong>sunt,</strong></span> <span class='ocrx_word' id='word_1_55' title='bbox 597 1170 660 1233; x_wconf 91' lang='lat' dir='ltr'><strong>que</strong></span> <span class='ocrx_word' id='word_1_56' title='bbox 677 1154 714 1213; x_wconf 90' lang='lat' dir='ltr'><strong>ut</strong></span> <span class='ocrx_word' id='word_1_57' title='bbox 728 1154 842 1214; x_wconf 90' lang='lat' dir='ltr'><strong>cetera</strong></span> <span class='ocrx_word' id='word_1_58' title='bbox 858 1151 979 1229; x_wconf 87' lang='lat' dir='ltr'><strong>omnia,</strong></span> <span class='ocrx_word' id='word_1_59' title='bbox 995 1149 1107 1214; x_wconf 87' lang='lat' dir='ltr'><strong>inania</strong></span> <span class='ocrx_word' id='word_1_60' title='bbox 1123 1155 1156 1212; x_wconf 90' lang='lat' dir='ltr'><strong>et</strong></span> <span class='ocrx_word' id='word_1_61' title='bbox 1171 1148 1326 1214; x_wconf 88' lang='lat' dir='ltr'><strong>simulata</strong></span> <span class='ocrx_word' id='word_1_62' title='bbox 1351 1153 1505 1214; x_wconf 89' lang='lat' dir='ltr'><strong>tenemus.</strong></span> 
     </span>
     <span class='ocr_line' id='line_1_9' title="bbox 376 1256 1507 1340; baseline -0.001 -18"><span class='ocrx_word' id='word_1_63' title='bbox 376 1256 459 1322; x_wconf 90' lang='lat' dir='ltr'><strong>Cum</strong></span> <span class='ocrx_word' id='word_1_64' title='bbox 479 1259 505 1322; x_wconf 94' lang='lat' dir='ltr'><strong>si</strong></span> <span class='ocrx_word' id='word_1_65' title='bbox 532 1263 725 1337; x_wconf 89' lang='lat' dir='ltr'><strong>occurreret,</strong></span> <span class='ocrx_word' id='word_1_66' title='bbox 751 1257 838 1340; x_wconf 92' lang='lat' dir='ltr'><strong>quod</strong></span> <span class='ocrx_word' id='word_1_67' title='bbox 863 1256 989 1322; x_wconf 81' lang='lat' dir='ltr'><strong>Turous</strong></span> <span class='ocrx_word' id='word_1_68' title='bbox 1015 1258 1085 1340; x_wconf 90' lang='lat' dir='ltr'><strong>ipse</strong></span> <span class='ocrx_word' id='word_1_69' title='bbox 1102 1277 1175 1322; x_wconf 88' lang='lat' dir='ltr'><strong>vere</strong></span> <span class='ocrx_word' id='word_1_70' title='bbox 1192 1264 1225 1322; x_wconf 86' lang='lat' dir='ltr'><strong>et</strong></span> <span class='ocrx_word' id='word_1_71' title='bbox 1241 1257 1375 1322; x_wconf 87' lang='lat' dir='ltr'><strong>realiter</strong></span> <span class='ocrx_word' id='word_1_72' title='bbox 1393 1256 1435 1320; x_wconf 89' lang='lat' dir='ltr'><strong>ad</strong></span> <span class='ocrx_word' id='word_1_73' title='bbox 1452 1277 1507 1340; x_wconf 91' lang='lat' dir='ltr'><strong>pa-</strong></span> 
     </span>
     <span class='ocr_line' id='line_1_10' title="bbox 375 1364 1509 1450; baseline -0.002 -22"><span class='ocrx_word' id='word_1_74' title='bbox 375 1386 452 1444; x_wconf 91' lang='lat' dir='ltr'><strong>cem,</strong></span> <span class='ocrx_word' id='word_1_75' title='bbox 479 1371 512 1430; x_wconf 93' lang='lat' dir='ltr'><strong>et</strong></span> <span class='ocrx_word' id='word_1_76' title='bbox 536 1388 609 1430; x_wconf 90' lang='lat' dir='ltr'><strong>cum</strong></span> <span class='ocrx_word' id='word_1_77' title='bbox 634 1367 722 1431; x_wconf 90' lang='lat' dir='ltr'><strong>illius</strong></span> <span class='ocrx_word' id='word_1_78' title='bbox 746 1365 927 1450; x_wconf 85' lang='lat' dir='ltr'><strong>Majestate</strong></span> <span class='ocrx_word' id='word_1_79' title='bbox 945 1369 979 1430; x_wconf 87' lang='lat' dir='ltr'><strong>ot</strong></span> <span class='ocrx_word' id='word_1_80' title='bbox 995 1365 1165 1432; x_wconf 90' lang='lat' dir='ltr'><strong>nobiscum</strong></span> <span class='ocrx_word' id='word_1_81' title='bbox 1181 1365 1331 1430; x_wconf 81' lang='lat' dir='ltr'><strong>devenire</strong></span> <span class='ocrx_word' id='word_1_82' title='bbox 1348 1364 1455 1444; x_wconf 85' lang='lat' dir='ltr'><strong>vellet,</strong></span> <span class='ocrx_word' id='word_1_83' title='bbox 1471 1369 1509 1428; x_wconf 91' lang='lat' dir='ltr'><strong>ut</strong></span> 
     </span>
     <span class='ocr_line' id='line_1_11' title="bbox 377 1470 1510 1558; baseline -0.002 -22"><span class='ocrx_word' id='word_1_84' title='bbox 377 1472 461 1537; x_wconf 87' lang='lat' dir='ltr'><strong>alias</strong></span> <span class='ocrx_word' id='word_1_85' title='bbox 477 1474 627 1554; x_wconf 87' lang='lat' dir='ltr'><strong>diximus,</strong></span> <span class='ocrx_word' id='word_1_86' title='bbox 643 1474 780 1540; x_wconf 88' lang='lat' dir='ltr'><strong>attentis</strong></span> <span class='ocrx_word' id='word_1_87' title='bbox 795 1474 908 1557; x_wconf 90' lang='lat' dir='ltr'><strong>paucis</strong></span> <span class='ocrx_word' id='word_1_88' title='bbox 923 1473 1087 1558; x_wconf 90' lang='lat' dir='ltr'><strong>subsidijs,</strong></span> <span class='ocrx_word' id='word_1_89' title='bbox 1103 1495 1165 1557; x_wconf 94' lang='lat' dir='ltr'><strong>que</strong></span> <span class='ocrx_word' id='word_1_90' title='bbox 1190 1474 1402 1558; x_wconf 74' lang='lat' dir='ltr'><strong>undemuque</strong></span> <span class='ocrx_word' id='word_1_91' title='bbox 1432 1470 1510 1538; x_wconf 84' lang='lat' dir='ltr'><strong>affe-</strong></span> 
     </span>
     <span class='ocr_line' id='line_1_12' title="bbox 375 1580 1506 1667; baseline 0.001 -23"><span class='ocrx_word' id='word_1_92' title='bbox 375 1589 501 1664; x_wconf 91' lang='lat' dir='ltr'><strong>runtur,</strong></span> <span class='ocrx_word' id='word_1_93' title='bbox 522 1584 742 1667; x_wconf 82' lang='lat' dir='ltr'><strong>judicaremus</strong></span> <span class='ocrx_word' id='word_1_94' title='bbox 766 1603 833 1646; x_wconf 88' lang='lat' dir='ltr'><strong>non</strong></span> <span class='ocrx_word' id='word_1_95' title='bbox 859 1582 1086 1665; x_wconf 87' lang='lat' dir='ltr'><strong>spernendum,</strong></span> <span class='ocrx_word' id='word_1_96' title='bbox 1103 1603 1198 1647; x_wconf 85' lang='lat' dir='ltr'><strong>aures</strong></span> <span class='ocrx_word' id='word_1_97' title='bbox 1223 1589 1257 1646; x_wconf 90' lang='lat' dir='ltr'><strong>et</strong></span> <span class='ocrx_word' id='word_1_98' title='bbox 1281 1603 1340 1665; x_wconf 91' lang='lat' dir='ltr'><strong>per</strong></span> <span class='ocrx_word' id='word_1_99' title='bbox 1370 1580 1506 1646; x_wconf 89' lang='lat' dir='ltr'><strong>eandem</strong></span> 
     </span>
     <span class='ocr_line' id='line_1_13' title="bbox 376 1687 1504 1774; baseline -0.002 -20"><span class='ocrx_word' id='word_1_100' title='bbox 376 1687 588 1772; x_wconf 87' lang='lat' dir='ltr'><strong>Majestatem</strong></span> <span class='ocrx_word' id='word_1_101' title='bbox 605 1696 639 1756; x_wconf 90' lang='lat' dir='ltr'><strong>et</strong></span> <span class='ocrx_word' id='word_1_102' title='bbox 655 1711 713 1774; x_wconf 93' lang='lat' dir='ltr'><strong>per</strong></span> <span class='ocrx_word' id='word_1_103' title='bbox 728 1710 786 1754; x_wconf 92' lang='lat' dir='ltr'><strong>nos</strong></span> <span class='ocrx_word' id='word_1_104' title='bbox 802 1691 951 1772; x_wconf 87' lang='lat' dir='ltr'><strong>prestari.</strong></span> <span class='ocrx_word' id='word_1_105' title='bbox 969 1690 1019 1756; x_wconf 93' lang='lat' dir='ltr'><strong>De</strong></span> <span class='ocrx_word' id='word_1_106' title='bbox 1036 1690 1126 1754; x_wconf 87' lang='lat' dir='ltr'><strong>novis</strong></span> <span class='ocrx_word' id='word_1_107' title='bbox 1143 1696 1174 1753; x_wconf 85' lang='lat' dir='ltr'><strong>et</strong></span> <span class='ocrx_word' id='word_1_108' title='bbox 1190 1689 1333 1755; x_wconf 92' lang='lat' dir='ltr'><strong>motibus</strong></span> <span class='ocrx_word' id='word_1_109' title='bbox 1349 1709 1388 1754; x_wconf 90' lang='lat' dir='ltr'><strong>ac</strong></span> <span class='ocrx_word' id='word_1_110' title='bbox 1404 1709 1504 1772; x_wconf 87' lang='lat' dir='ltr'><strong>appa-</strong></span> 
     </span>
     <span class='ocr_line' id='line_1_14' title="bbox 376 1795 1506 1880; baseline 0 -20"><span class='ocrx_word' id='word_1_111' title='bbox 376 1797 505 1862; x_wconf 85' lang='lat' dir='ltr'><strong>ratibus</strong></span> <span class='ocrx_word' id='word_1_112' title='bbox 523 1795 655 1878; x_wconf 79' lang='lat' dir='ltr'><strong>Turchi‚</strong></span> <span class='ocrx_word' id='word_1_113' title='bbox 673 1818 730 1864; x_wconf 90' lang='lat' dir='ltr'><strong>nos</strong></span> <span class='ocrx_word' id='word_1_114' title='bbox 747 1817 876 1880; x_wconf 89' lang='lat' dir='ltr'><strong>quoquc</strong></span> <span class='ocrx_word' id='word_1_115' title='bbox 893 1818 952 1880; x_wconf 91' lang='lat' dir='ltr'><strong>per</strong></span> <span class='ocrx_word' id='word_1_116' title='bbox 977 1798 1125 1864; x_wconf 87' lang='lat' dir='ltr'><strong>diversas</strong></span> <span class='ocrx_word' id='word_1_117' title='bbox 1151 1797 1220 1862; x_wconf 87' lang='lat' dir='ltr'><strong>vias</strong></span> <span class='ocrx_word' id='word_1_118' title='bbox 1246 1799 1400 1862; x_wconf 86' lang='lat' dir='ltr'><strong>certiores</strong></span> <span class='ocrx_word' id='word_1_119' title='bbox 1425 1795 1506 1860; x_wconf 84' lang='lat' dir='ltr'><strong>iacti</strong></span> 
     </span>
     <span class='ocr_line' id='line_1_15' title="bbox 375 1901 1506 1987; baseline -0.004 -19"><span class='ocrx_word' id='word_1_120' title='bbox 375 1925 515 1987; x_wconf 89' lang='lat' dir='ltr'><strong>eramus,</strong></span> <span class='ocrx_word' id='word_1_121' title='bbox 530 1911 563 1968; x_wconf 90' lang='lat' dir='ltr'><strong>et</strong></span> <span class='ocrx_word' id='word_1_122' title='bbox 577 1905 663 1968; x_wconf 88' lang='lat' dir='ltr'><strong>inter</strong></span> <span class='ocrx_word' id='word_1_123' title='bbox 678 1903 761 1968; x_wconf 89' lang='lat' dir='ltr'><strong>alios</strong></span> <span class='ocrx_word' id='word_1_124' title='bbox 777 1921 837 1985; x_wconf 90' lang='lat' dir='ltr'><strong>per</strong></span> <span class='ocrx_word' id='word_1_125' title='bbox 860 1903 1025 1986; x_wconf 86' lang='lat' dir='ltr'><strong>predictos</strong></span> <span class='ocrx_word' id='word_1_126' title='bbox 1051 1905 1132 1971; x_wconf 90' lang='lat' dir='ltr'><strong>duos</strong></span> <span class='ocrx_word' id='word_1_127' title='bbox 1156 1925 1197 1968; x_wconf 86' lang='lat' dir='ltr'><strong>ex</strong></span> <span class='ocrx_word' id='word_1_128' title='bbox 1222 1901 1506 1984; x_wconf 81' lang='lat' dir='ltr'><strong>Constantinopoli</strong></span> 
     </span>
     <span class='ocr_line' id='line_1_16' title="bbox 376 2009 1507 2096; baseline -0.003 -20"><span class='ocrx_word' id='word_1_129' title='bbox 376 2020 408 2077; x_wconf 89' lang='lat' dir='ltr'><strong>et</strong></span> <span class='ocrx_word' id='word_1_130' title='bbox 433 2011 634 2096; x_wconf 88' lang='lat' dir='ltr'><strong>Philipopoli</strong></span> <span class='ocrx_word' id='word_1_131' title='bbox 659 2012 835 2093; x_wconf 72' lang='lat' dir='ltr'><strong>vementes</strong></span> <span class='ocrx_word' id='word_1_132' title='bbox 870 2034 933 2095; x_wconf 87' lang='lat' dir='ltr'><strong>que</strong></span> <span class='ocrx_word' id='word_1_133' title='bbox 960 2012 1069 2078; x_wconf 90' lang='lat' dir='ltr'><strong>omnia</strong></span> <span class='ocrx_word' id='word_1_134' title='bbox 1100 2011 1233 2078; x_wconf 88' lang='lat' dir='ltr'><strong>Summo</strong></span> <span class='ocrx_word' id='word_1_135' title='bbox 1267 2009 1418 2076; x_wconf 86' lang='lat' dir='ltr'><strong>Pontifici</strong></span> <span class='ocrx_word' id='word_1_136' title='bbox 1448 2029 1507 2092; x_wconf 90' lang='lat' dir='ltr'><strong>per</strong></span> 
     </span>
     <span class='ocr_line' id='line_1_17' title="bbox 376 2118 1506 2202; baseline -0.004 -16"><span class='ocrx_word' id='word_1_137' title='bbox 376 2128 504 2187; x_wconf 88' lang='lat' dir='ltr'><strong>nostras</strong></span> <span class='ocrx_word' id='word_1_138' title='bbox 520 2123 647 2186; x_wconf 86' lang='lat' dir='ltr'><strong>litteras</strong></span> <span class='ocrx_word' id='word_1_139' title='bbox 663 2120 850 2186; x_wconf 85' lang='lat' dir='ltr'><strong>immediate</strong></span> <span class='ocrx_word' id='word_1_140' title='bbox 875 2120 1062 2186; x_wconf 87' lang='lat' dir='ltr'><strong>denotanda</strong></span> <span class='ocrx_word' id='word_1_141' title='bbox 1088 2121 1281 2202; x_wconf 86' lang='lat' dir='ltr'><strong>curavimus,</strong></span> <span class='ocrx_word' id='word_1_142' title='bbox 1300 2120 1368 2202; x_wconf 88' lang='lat' dir='ltr'><strong>ejus</strong></span> <span class='ocrx_word' id='word_1_143' title='bbox 1394 2118 1506 2184; x_wconf 90' lang='lat' dir='ltr'><strong>Beati·</strong></span> 
     </span>
     <span class='ocr_line' id='line_1_18' title="bbox 377 2224 1504 2310; baseline -0.004 -18"><span class='ocrx_word' id='word_1_144' title='bbox 377 2229 483 2295; x_wconf 87' lang='lat' dir='ltr'><strong>tudini</strong></span> <span class='ocrx_word' id='word_1_145' title='bbox 508 2227 655 2294; x_wconf 88' lang='lat' dir='ltr'><strong>studiose</strong></span> <span class='ocrx_word' id='word_1_146' title='bbox 681 2234 897 2292; x_wconf 86' lang='lat' dir='ltr'><strong>memorantes</strong></span> <span class='ocrx_word' id='word_1_147' title='bbox 932 2235 965 2291; x_wconf 91' lang='lat' dir='ltr'><strong>et</strong></span> <span class='ocrx_word' id='word_1_148' title='bbox 989 2227 1164 2292; x_wconf 83' lang='lat' dir='ltr'><strong>suadentes</strong></span> <span class='ocrx_word' id='word_1_149' title='bbox 1199 2225 1399 2310; x_wconf 89' lang='lat' dir='ltr'><strong>provisiones</strong></span> <span class='ocrx_word' id='word_1_150' title='bbox 1434 2224 1504 2289; x_wconf 87' lang='lat' dir='ltr'><strong>lieri</strong></span> 
     </span>
     <span class='ocr_line' id='line_1_19' title="bbox 379 2331 1508 2420; baseline -0.006 -19"><span class='ocrx_word' id='word_1_151' title='bbox 379 2344 578 2420; x_wconf 84' lang='lat' dir='ltr'><strong>opportunas</strong></span> <span class='ocrx_word' id='word_1_152' title='bbox 603 2334 805 2402; x_wconf 89' lang='lat' dir='ltr'><strong>adsalutem</strong></span> <span class='ocrx_word' id='word_1_153' title='bbox 833 2334 1088 2400; x_wconf 87' lang='lat' dir='ltr'><strong>christianorum</strong></span> <span class='ocrx_word' id='word_1_154' title='bbox 1114 2333 1251 2400; x_wconf 89' lang='lat' dir='ltr'><strong>ubilibet</strong></span> <span class='ocrx_word' id='word_1_155' title='bbox 1277 2339 1310 2398; x_wconf 93' lang='lat' dir='ltr'><strong>et</strong></span> <span class='ocrx_word' id='word_1_156' title='bbox 1335 2331 1508 2415; x_wconf 90' lang='lat' dir='ltr'><strong>presertim</strong></span> 
     </span>
     <span class='ocr_line' id='line_1_20' title="bbox 377 2439 1504 2526; baseline -0.007 -16"><span class='ocrx_word' id='word_1_157' title='bbox 377 2446 574 2510; x_wconf 87' lang='lat' dir='ltr'><strong>tutationem</strong></span> <span class='ocrx_word' id='word_1_158' title='bbox 600 2443 708 2526; x_wconf 87' lang='lat' dir='ltr'><strong>Regni</strong></span> <span class='ocrx_word' id='word_1_159' title='bbox 733 2449 767 2508; x_wconf 91' lang='lat' dir='ltr'><strong>et</strong></span> <span class='ocrx_word' id='word_1_160' title='bbox 792 2465 901 2508; x_wconf 90' lang='lat' dir='ltr'><strong>rerum</strong></span> <span class='ocrx_word' id='word_1_161' title='bbox 927 2444 1020 2507; x_wconf 90' lang='lat' dir='ltr'><strong>istius</strong></span> <span class='ocrx_word' id='word_1_162' title='bbox 1037 2441 1242 2508; x_wconf 87' lang='lat' dir='ltr'><strong>Serenissimi</strong></span> <span class='ocrx_word' id='word_1_163' title='bbox 1259 2439 1301 2508; x_wconf 93' lang='lat' dir='ltr'><strong>D.</strong></span> <span class='ocrx_word' id='word_1_164' title='bbox 1316 2440 1428 2525; x_wconf 87' lang='lat' dir='ltr'><strong>Regis,</strong></span> <span class='ocrx_word' id='word_1_165' title='bbox 1443 2439 1504 2503; x_wconf 92' lang='lat' dir='ltr'><strong>hoc</strong></span> 
     </span>
     <span class='ocr_line' id='line_1_21' title="bbox 375 2548 1504 2634; baseline -0.008 -14"><span class='ocrx_word' id='word_1_166' title='bbox 375 2553 461 2620; x_wconf 86' lang='lat' dir='ltr'><strong>idem</strong></span> <span class='ocrx_word' id='word_1_167' title='bbox 488 2552 601 2618; x_wconf 84' lang='lat' dir='ltr'><strong>fecisse</strong></span> <span class='ocrx_word' id='word_1_168' title='bbox 626 2553 787 2618; x_wconf 88' lang='lat' dir='ltr'><strong>eredimus</strong></span> <span class='ocrx_word' id='word_1_169' title='bbox 812 2550 1028 2618; x_wconf 86' lang='lat' dir='ltr'><strong>Serenitetem</strong></span> <span class='ocrx_word' id='word_1_170' title='bbox 1060 2548 1161 2616; x_wconf 86' lang='lat' dir='ltr'><strong>Suam</strong></span> <span class='ocrx_word' id='word_1_171' title='bbox 1196 2573 1253 2634; x_wconf 86' lang='lat' dir='ltr'><strong>per</strong></span> <span class='ocrx_word' id='word_1_172' title='bbox 1278 2551 1420 2616; x_wconf 86' lang='lat' dir='ltr'><strong>medium</strong></span> <span class='ocrx_word' id='word_1_173' title='bbox 1455 2548 1504 2612; x_wconf 90' lang='lat' dir='ltr'><strong>sui</strong></span> 
     </span>
     <span class='ocr_line' id='line_1_22' title="bbox 376 2658 1499 2744; baseline -0.003 -21"><span class='ocrx_word' id='word_1_174' title='bbox 376 2659 535 2742; x_wconf 84' lang='lat' dir='ltr'><strong>Crateris,</strong></span> <span class='ocrx_word' id='word_1_175' title='bbox 546 2681 779 2744; x_wconf 89' lang='lat' dir='ltr'><strong>speramusque</strong></span> <span class='ocrx_word' id='word_1_176' title='bbox 789 2658 1034 2726; x_wconf 89' lang='lat' dir='ltr'><strong>Beatitudinem</strong></span> <span class='ocrx_word' id='word_1_177' title='bbox 1045 2658 1312 2743; x_wconf 83' lang='lat' dir='ltr'><strong>Suamnovaipsa</strong></span> <span class='ocrx_word' id='word_1_178' title='bbox 1322 2677 1499 2740; x_wconf 89' lang='lat' dir='ltr'><strong>proeorum</strong></span> 
     </span>
     <span class='ocr_line' id='line_1_23' title="bbox 375 2767 1500 2852; baseline -0.006 -19"><span class='ocrx_word' id='word_1_179' title='bbox 375 2771 517 2834; x_wconf 85' lang='lat' dir='ltr'><strong>maxima</strong></span> <span class='ocrx_word' id='word_1_180' title='bbox 543 2769 766 2852; x_wconf 85' lang='lat' dir='ltr'><strong>importantia,</strong></span> <span class='ocrx_word' id='word_1_181' title='bbox 791 2768 1060 2834; x_wconf 81' lang='lat' dir='ltr'><strong>existimaturum.</strong></span> <span class='ocrx_word' id='word_1_182' title='bbox 1078 2769 1148 2835; x_wconf 91' lang='lat' dir='ltr'><strong>Nos</strong></span> <span class='ocrx_word' id='word_1_183' title='bbox 1166 2773 1275 2832; x_wconf 90' lang='lat' dir='ltr'><strong>autem</strong></span> <span class='ocrx_word' id='word_1_184' title='bbox 1295 2767 1500 2848; x_wconf 66' lang='lat' dir='ltr'><strong>incertique</strong></span> 
     </span>
     <span class='ocr_line' id='line_1_24' title="bbox 376 2873 1499 2960; baseline -0.001 -21"><span class='ocrx_word' id='word_1_185' title='bbox 376 2875 503 2941; x_wconf 71' lang='lat' dir='ltr'><strong>&#39;rursus</strong></span> <span class='ocrx_word' id='word_1_186' title='bbox 514 2877 584 2960; x_wconf 91' lang='lat' dir='ltr'><strong>ipse</strong></span> <span class='ocrx_word' id='word_1_187' title='bbox 594 2897 667 2940; x_wconf 92' lang='lat' dir='ltr'><strong>cum</strong></span> <span class='ocrx_word' id='word_1_188' title='bbox 680 2882 775 2941; x_wconf 91' lang='lat' dir='ltr'><strong>tanto</strong></span> <span class='ocrx_word' id='word_1_189' title='bbox 793 2882 955 2958; x_wconf 88' lang='lat' dir='ltr'><strong>apparatu</strong></span> <span class='ocrx_word' id='word_1_190' title='bbox 966 2875 1188 2942; x_wconf 83' lang='lat' dir='ltr'><strong>declinaturus</strong></span> <span class='ocrx_word' id='word_1_191' title='bbox 1206 2879 1394 2954; x_wconf 80' lang='lat' dir='ltr'><strong>esset3uam</strong></span> <span class='ocrx_word' id='word_1_192' title='bbox 1406 2873 1499 2939; x_wconf 88' lang='lat' dir='ltr'><strong>varia</strong></span> 
     </span>
     <span class='ocr_line' id='line_1_25' title="bbox 378 2981 1504 3066; baseline -0.001 -19"><span class='ocrx_word' id='word_1_193' title='bbox 378 2983 471 3050; x_wconf 92' lang='lat' dir='ltr'><strong>nobis</strong></span> <span class='ocrx_word' id='word_1_194' title='bbox 497 2983 736 3048; x_wconf 88' lang='lat' dir='ltr'><strong>nunciabantur</strong></span> <span class='ocrx_word' id='word_1_195' title='bbox 762 2991 795 3049; x_wconf 90' lang='lat' dir='ltr'><strong>et</strong></span> <span class='ocrx_word' id='word_1_196' title='bbox 822 2983 862 3047; x_wconf 88' lang='lat' dir='ltr'><strong>de</strong></span> <span class='ocrx_word' id='word_1_197' title='bbox 886 2983 1042 3066; x_wconf 89' lang='lat' dir='ltr'><strong>Albania,</strong></span> <span class='ocrx_word' id='word_1_198' title='bbox 1059 2989 1092 3048; x_wconf 90' lang='lat' dir='ltr'><strong>et</strong></span> <span class='ocrx_word' id='word_1_199' title='bbox 1121 2981 1162 3048; x_wconf 92' lang='lat' dir='ltr'><strong>de</strong></span> <span class='ocrx_word' id='word_1_200' title='bbox 1188 2981 1396 3066; x_wconf 89' lang='lat' dir='ltr'><strong>Nigroponte</strong></span> <span class='ocrx_word' id='word_1_201' title='bbox 1416 2989 1447 3046; x_wconf 92' lang='lat' dir='ltr'><strong>et</strong></span> <span class='ocrx_word' id='word_1_202' title='bbox 1464 2981 1504 3046; x_wconf 91' lang='lat' dir='ltr'><strong>de</strong></span> 
     </span>
     <span class='ocr_line' id='line_1_26' title="bbox 375 3089 1503 3176; baseline -0.003 -20"><span class='ocrx_word' id='word_1_203' title='bbox 375 3091 518 3158; x_wconf 90' lang='lat' dir='ltr'><strong>Bossina</strong></span> <span class='ocrx_word' id='word_1_204' title='bbox 534 3099 566 3158; x_wconf 91' lang='lat' dir='ltr'><strong>et</strong></span> <span class='ocrx_word' id='word_1_205' title='bbox 582 3094 622 3159; x_wconf 90' lang='lat' dir='ltr'><strong>de</strong></span> <span class='ocrx_word' id='word_1_206' title='bbox 639 3093 814 3160; x_wconf 87' lang='lat' dir='ltr'><strong>Dalmaeia</strong></span> <span class='ocrx_word' id='word_1_207' title='bbox 830 3099 863 3156; x_wconf 89' lang='lat' dir='ltr'><strong>et</strong></span> <span class='ocrx_word' id='word_1_208' title='bbox 878 3092 1055 3176; x_wconf 87' lang='lat' dir='ltr'><strong>Belgrado,</strong></span> <span class='ocrx_word' id='word_1_209' title='bbox 1072 3112 1171 3174; x_wconf 89' lang='lat' dir='ltr'><strong>quam</strong></span> <span class='ocrx_word' id='word_1_210' title='bbox 1195 3089 1372 3158; x_wconf 90' lang='lat' dir='ltr'><strong>validiores</strong></span> <span class='ocrx_word' id='word_1_211' title='bbox 1398 3091 1503 3172; x_wconf 90' lang='lat' dir='ltr'><strong>provi·</strong></span> 
     </span>
     <span class='ocr_line' id='line_1_27' title="bbox 374 3199 1505 3286; baseline -0.004 -20"><span class='ocrx_word' id='word_1_212' title='bbox 374 3201 484 3266; x_wconf 89' lang='lat' dir='ltr'><strong>siones</strong></span> <span class='ocrx_word' id='word_1_213' title='bbox 500 3223 558 3285; x_wconf 84' lang='lat' dir='ltr'><strong>per</strong></span> <span class='ocrx_word' id='word_1_214' title='bbox 575 3223 634 3269; x_wconf 90' lang='lat' dir='ltr'><strong>nos</strong></span> <span class='ocrx_word' id='word_1_215' title='bbox 651 3201 721 3267; x_wconf 91' lang='lat' dir='ltr'><strong>fieri</strong></span> <span class='ocrx_word' id='word_1_216' title='bbox 737 3207 911 3286; x_wconf 89' lang='lat' dir='ltr'><strong>potuerunt</strong></span> <span class='ocrx_word' id='word_1_217' title='bbox 927 3199 1062 3266; x_wconf 83' lang='lat' dir='ltr'><strong>fecimus</strong></span> <span class='ocrx_word' id='word_1_218' title='bbox 1079 3206 1112 3264; x_wconf 89' lang='lat' dir='ltr'><strong>et</strong></span> <span class='ocrx_word' id='word_1_219' title='bbox 1138 3205 1198 3264; x_wconf 86' lang='lat' dir='ltr'><strong>eet.</strong></span> <span class='ocrx_word' id='word_1_220' title='bbox 1221 3200 1274 3264; x_wconf 84' lang='lat' dir='ltr'><strong>Ex</strong></span> <span class='ocrx_word' id='word_1_221' title='bbox 1299 3199 1401 3264; x_wconf 91' lang='lat' dir='ltr'><strong>latere</strong></span> <span class='ocrx_word' id='word_1_222' title='bbox 1429 3219 1505 3262; x_wconf 88' lang='lat' dir='ltr'><strong>vero</strong></span> 
     </span>
     <span class='ocr_line' id='line_1_28' title="bbox 375 3307 1505 3394; baseline 0 -23"><span class='ocrx_word' id='word_1_223' title='bbox 375 3308 469 3374; x_wconf 88' lang='lat' dir='ltr'><strong>istius</strong></span> <span class='ocrx_word' id='word_1_224' title='bbox 497 3311 599 3394; x_wconf 82' lang='lat' dir='ltr'><strong>Regia</strong></span> <span class='ocrx_word' id='word_1_225' title='bbox 625 3311 814 3394; x_wconf 71' lang='lat' dir='ltr'><strong>Maiestatis</strong></span> <span class='ocrx_word' id='word_1_226' title='bbox 840 3331 904 3374; x_wconf 90' lang='lat' dir='ltr'><strong>non</strong></span> <span class='ocrx_word' id='word_1_227' title='bbox 936 3308 1125 3374; x_wconf 89' lang='lat' dir='ltr'><strong>dubitamus</strong></span> <span class='ocrx_word' id='word_1_228' title='bbox 1150 3329 1260 3372; x_wconf 88' lang='lat' dir='ltr'><strong>omnes</strong></span> <span class='ocrx_word' id='word_1_229' title='bbox 1291 3307 1397 3374; x_wconf 84' lang='lat' dir='ltr'><strong>iactas</strong></span> <span class='ocrx_word' id='word_1_230' title='bbox 1426 3327 1505 3387; x_wconf 87' lang='lat' dir='ltr'><strong>esse,</strong></span> 
     </span>
     <span class='ocr_line' id='line_1_29' title="bbox 375 3414 1506 3503; baseline -0.001 -24"><span class='ocrx_word' id='word_1_231' title='bbox 375 3414 510 3500; x_wconf 87' lang='lat' dir='ltr'><strong>fierique</strong></span> <span class='ocrx_word' id='word_1_232' title='bbox 526 3419 726 3484; x_wconf 85' lang='lat' dir='ltr'><strong>necessarias</strong></span> <span class='ocrx_word' id='word_1_233' title='bbox 751 3419 961 3503; x_wconf 82' lang='lat' dir='ltr'><strong>provisiones,</strong></span> <span class='ocrx_word' id='word_1_234' title='bbox 987 3415 1105 3501; x_wconf 90' lang='lat' dir='ltr'><strong>quibus</strong></span> <span class='ocrx_word' id='word_1_235' title='bbox 1121 3414 1269 3481; x_wconf 88' lang='lat' dir='ltr'><strong>hostibus</strong></span> <span class='ocrx_word' id='word_1_236' title='bbox 1285 3415 1410 3482; x_wconf 88' lang='lat' dir='ltr'><strong>obstari</strong></span> <span class='ocrx_word' id='word_1_237' title='bbox 1437 3415 1506 3480; x_wconf 91' lang='lat' dir='ltr'><strong>ubi·</strong></span> 
     </span>
     <span class='ocr_line' id='line_1_30' title="bbox 375 3524 584 3610; baseline 0.014 -21"><span class='ocrx_word' id='word_1_238' title='bbox 375 3524 456 3590; x_wconf 90' lang='lat' dir='ltr'><strong>libet</strong></span> <span class='ocrx_word' id='word_1_239' title='bbox 472 3527 584 3610; x_wconf 88' lang='lat' dir='ltr'><strong>possit.</strong></span> 
     </span>
    </p>

    <p class='ocr_par' dir='ltr' id='par_1_4' title="bbox 373 3631 1508 4471">
     <span class='ocr_line' id='line_1_31' title="bbox 483 3631 1504 3718; baseline -0.004 -20"><span class='ocrx_word' id='word_1_240' title='bbox 483 3633 568 3700; x_wconf 88' lang='lat' dir='ltr'><strong>Post</strong></span> <span class='ocrx_word' id='word_1_241' title='bbox 584 3635 644 3700; x_wconf 89' lang='lat' dir='ltr'><strong>hec</strong></span> <span class='ocrx_word' id='word_1_242' title='bbox 664 3635 844 3718; x_wconf 86' lang='lat' dir='ltr'><strong>accepimus</strong></span> <span class='ocrx_word' id='word_1_243' title='bbox 860 3640 1041 3718; x_wconf 90' lang='lat' dir='ltr'><strong>postremas</strong></span> <span class='ocrx_word' id='word_1_244' title='bbox 1065 3634 1192 3700; x_wconf 85' lang='lat' dir='ltr'><strong>litteras</strong></span> <span class='ocrx_word' id='word_1_245' title='bbox 1219 3637 1343 3699; x_wconf 88' lang='lat' dir='ltr'><strong>vestras</strong></span> <span class='ocrx_word' id='word_1_246' title='bbox 1368 3631 1434 3698; x_wconf 93' lang='lat' dir='ltr'><strong>diei</strong></span> <span class='ocrx_word' id='word_1_247' title='bbox 1459 3665 1504 3678; x_wconf 89' lang='lat'><em>-</em></span> 
     </span>
     <span class='ocr_line' id='line_1_32' title="bbox 375 3737 1504 3828; baseline -0.001 -22"><span class='ocrx_word' id='word_1_248' title='bbox 375 3737 514 3824; x_wconf 90' lang='lat' dir='ltr'><strong>Aprilis,</strong></span> <span class='ocrx_word' id='word_1_249' title='bbox 531 3743 648 3825; x_wconf 89' lang='lat' dir='ltr'><strong>quibus</strong></span> <span class='ocrx_word' id='word_1_250' title='bbox 664 3741 778 3810; x_wconf 89' lang='lat' dir='ltr'><strong>eadem</strong></span> <span class='ocrx_word' id='word_1_251' title='bbox 796 3764 880 3808; x_wconf 90' lang='lat' dir='ltr'><strong>nova</strong></span> <span class='ocrx_word' id='word_1_252' title='bbox 895 3743 1061 3828; x_wconf 88' lang='lat' dir='ltr'><strong>replicatis</strong></span> <span class='ocrx_word' id='word_1_253' title='bbox 1077 3747 1110 3807; x_wconf 86' lang='lat' dir='ltr'><strong>et</strong></span> <span class='ocrx_word' id='word_1_254' title='bbox 1119 3739 1421 3826; x_wconf 88' lang='lat' dir='ltr'><strong>promptitudinem,</strong></span> <span class='ocrx_word' id='word_1_255' title='bbox 1438 3739 1504 3805; x_wconf 89' lang='lat' dir='ltr'><strong>dis-</strong></span> 
     </span>
     <span class='ocr_line' id='line_1_33' title="bbox 374 3849 1506 3936; baseline -0.002 -22"><span class='ocrx_word' id='word_1_256' title='bbox 374 3850 633 3934; x_wconf 90' lang='lat' dir='ltr'><strong>positionemque</strong></span> <span class='ocrx_word' id='word_1_257' title='bbox 659 3851 796 3936; x_wconf 79' lang='lat' dir='ltr'><strong>Regiam</strong></span> <span class='ocrx_word' id='word_1_258' title='bbox 827 3853 869 3919; x_wconf 88' lang='lat' dir='ltr'><strong>ad</strong></span> <span class='ocrx_word' id='word_1_259' title='bbox 886 3851 1177 3936; x_wconf 86' lang='lat' dir='ltr'><strong>propugnationem</strong></span> <span class='ocrx_word' id='word_1_260' title='bbox 1193 3849 1351 3932; x_wconf 87' lang='lat' dir='ltr'><strong>Belgradi</strong></span> <span class='ocrx_word' id='word_1_261' title='bbox 1369 3857 1401 3914; x_wconf 88' lang='lat' dir='ltr'><strong>et</strong></span> <span class='ocrx_word' id='word_1_262' title='bbox 1428 3850 1506 3914; x_wconf 86' lang='lat' dir='ltr'><strong>alio·</strong></span> 
     </span>
     <span class='ocr_line' id='line_1_34' title="bbox 374 3955 1506 4042; baseline -0.003 -20"><span class='ocrx_word' id='word_1_263' title='bbox 374 3979 445 4022; x_wconf 92' lang='lat' dir='ltr'><strong>rum</strong></span> <span class='ocrx_word' id='word_1_264' title='bbox 462 3957 607 4024; x_wconf 84' lang='lat' dir='ltr'><strong>locorum</strong></span> <span class='ocrx_word' id='word_1_265' title='bbox 623 3959 732 4042; x_wconf 82' lang='lat' dir='ltr'><strong>Regni</strong></span> <span class='ocrx_word' id='word_1_266' title='bbox 748 3961 851 4041; x_wconf 88' lang='lat' dir='ltr'><strong>istius,</strong></span> <span class='ocrx_word' id='word_1_267' title='bbox 869 3981 931 4042; x_wconf 91' lang='lat' dir='ltr'><strong>que</strong></span> <span class='ocrx_word' id='word_1_268' title='bbox 956 3980 1015 4024; x_wconf 89' lang='lat' dir='ltr'><strong>nos</strong></span> <span class='ocrx_word' id='word_1_269' title='bbox 1041 3963 1130 4023; x_wconf 90' lang='lat' dir='ltr'><strong>certe</strong></span> <span class='ocrx_word' id='word_1_270' title='bbox 1157 3957 1332 4042; x_wconf 87' lang='lat' dir='ltr'><strong>plurimum</strong></span> <span class='ocrx_word' id='word_1_271' title='bbox 1359 3955 1506 4020; x_wconf 88' lang='lat' dir='ltr'><strong>consola-</strong></span> 
     </span>
     <span class='ocr_line' id='line_1_35' title="bbox 375 4065 1504 4151; baseline 0 -24"><span class='ocrx_word' id='word_1_272' title='bbox 375 4072 460 4130; x_wconf 80' lang='lat' dir='ltr'><strong>runt</strong></span> <span class='ocrx_word' id='word_1_273' title='bbox 485 4067 530 4132; x_wconf 63' lang='grc' dir='ltr'><strong>Εἰ</strong></span> <span class='ocrx_word' id='word_1_274' title='bbox 555 4067 665 4150; x_wconf 88' lang='lat' dir='ltr'><strong>placet</strong></span> <span class='ocrx_word' id='word_1_275' title='bbox 690 4070 909 4151; x_wconf 87' lang='lat' dir='ltr'><strong>maximopere</strong></span> <span class='ocrx_word' id='word_1_276' title='bbox 934 4067 1036 4146; x_wconf 91' lang='lat' dir='ltr'><strong>nobis,</strong></span> <span class='ocrx_word' id='word_1_277' title='bbox 1062 4066 1148 4150; x_wconf 92' lang='lat' dir='ltr'><strong>quod</strong></span> <span class='ocrx_word' id='word_1_278' title='bbox 1174 4086 1230 4130; x_wconf 88' lang='lat' dir='ltr'><strong>vos</strong></span> <span class='ocrx_word' id='word_1_279' title='bbox 1255 4065 1405 4146; x_wconf 89' lang='lat' dir='ltr'><strong>equitare</strong></span> <span class='ocrx_word' id='word_1_280' title='bbox 1431 4083 1504 4128; x_wconf 85' lang='lat' dir='ltr'><strong>curn</strong></span> 
     </span>
     <span class='ocr_line' id='line_1_36' title="bbox 374 4170 1506 4260; baseline -0.003 -24"><span class='ocrx_word' id='word_1_281' title='bbox 374 4172 486 4238; x_wconf 88' lang='lat' dir='ltr'><strong>eadem</strong></span> <span class='ocrx_word' id='word_1_282' title='bbox 517 4173 696 4260; x_wconf 88' lang='lat' dir='ltr'><strong>Majestate</strong></span> <span class='ocrx_word' id='word_1_283' title='bbox 736 4174 1010 4254; x_wconf 88' lang='lat' dir='ltr'><strong>deliberaveritis,</strong></span> <span class='ocrx_word' id='word_1_284' title='bbox 1051 4181 1087 4238; x_wconf 89' lang='lat' dir='ltr'><strong>ut</strong></span> <span class='ocrx_word' id='word_1_285' title='bbox 1106 4228 1108 4233; x_wconf 94' lang='lat'>.</span> <span class='ocrx_word' id='word_1_286' title='bbox 1126 4173 1314 4238; x_wconf 86' lang='lat' dir='ltr'><strong>distinctius</strong></span> <span class='ocrx_word' id='word_1_287' title='bbox 1358 4177 1391 4236; x_wconf 89' lang='lat' dir='ltr'><strong>et</strong></span> <span class='ocrx_word' id='word_1_288' title='bbox 1431 4170 1506 4236; x_wconf 91' lang='lat' dir='ltr'><strong>dili·</strong></span> 
     </span>
     <span class='ocr_line' id='line_1_37' title="bbox 373 4279 1508 4362; baseline -0.002 -18"><span class='ocrx_word' id='word_1_289' title='bbox 373 4283 500 4362; x_wconf 87' lang='lat' dir='ltr'><strong>gentius</strong></span> <span class='ocrx_word' id='word_1_290' title='bbox 532 4304 639 4348; x_wconf 90' lang='lat' dir='ltr'><strong>rerum</strong></span> <span class='ocrx_word' id='word_1_291' title='bbox 671 4304 852 4349; x_wconf 88' lang='lat' dir='ltr'><strong>successum</strong></span> <span class='ocrx_word' id='word_1_292' title='bbox 885 4304 905 4348; x_wconf 88' lang='lat' dir='ltr'><strong>a</strong></span> <span class='ocrx_word' id='word_1_293' title='bbox 936 4281 1028 4346; x_wconf 86' lang='lat' dir='ltr'><strong>robis</strong></span> <span class='ocrx_word' id='word_1_294' title='bbox 1061 4281 1100 4344; x_wconf 92' lang='lat' dir='ltr'><strong>de</strong></span> <span class='ocrx_word' id='word_1_295' title='bbox 1132 4281 1184 4346; x_wconf 93' lang='lat' dir='ltr'><strong>die</strong></span> <span class='ocrx_word' id='word_1_296' title='bbox 1216 4282 1250 4346; x_wconf 93' lang='lat' dir='ltr'><strong>in</strong></span> <span class='ocrx_word' id='word_1_297' title='bbox 1276 4280 1362 4346; x_wconf 88' lang='lat' dir='ltr'><strong>diem</strong></span> <span class='ocrx_word' id='word_1_298' title='bbox 1394 4279 1508 4344; x_wconf 89' lang='lat' dir='ltr'><strong>audire</strong></span> 
     </span>
     <span class='ocr_line' id='line_1_38' title="bbox 374 4391 545 4471; baseline 0.018 -18"><span class='ocrx_word' id='word_1_299' title='bbox 374 4391 545 4471; x_wconf 90' lang='lat' dir='ltr'><strong>possimus.</strong></span> 
     </span>
    </p>

    <p class='ocr_par' dir='ltr' id='par_1_5' title="bbox 482 4492 1506 4582">
     <span class='ocr_line' id='line_1_39' title="bbox 482 4492 1506 4582; baseline -0.007 -19"><span class='ocrx_word' id='word_1_300' title='bbox 482 4498 555 4564; x_wconf 89' lang='lat' dir='ltr'><strong>Hec</strong></span> <span class='ocrx_word' id='word_1_301' title='bbox 580 4497 694 4563; x_wconf 88' lang='lat' dir='ltr'><strong>eadem</strong></span> <span class='ocrx_word' id='word_1_302' title='bbox 720 4520 781 4582; x_wconf 90' lang='lat' dir='ltr'><strong>per</strong></span> <span class='ocrx_word' id='word_1_303' title='bbox 805 4519 863 4564; x_wconf 90' lang='lat' dir='ltr'><strong>vos</strong></span> <span class='ocrx_word' id='word_1_304' title='bbox 888 4497 981 4567; x_wconf 87' lang='lat' dir='ltr'><strong>nobis</strong></span> <span class='ocrx_word' id='word_1_305' title='bbox 1007 4497 1164 4564; x_wconf 89' lang='lat' dir='ltr'><strong>denotata</strong></span> <span class='ocrx_word' id='word_1_306' title='bbox 1189 4497 1322 4564; x_wconf 83' lang='lat' dir='ltr'><strong>Summo</strong></span> <span class='ocrx_word' id='word_1_307' title='bbox 1354 4492 1506 4559; x_wconf 90' lang='lat' dir='ltr'><strong>Portifici</strong></span> 
     </span>
    </p>
   </div>
   <div class='ocr_carea' id='block_1_4' title="bbox 0 0 1672 5276">
    <p class='ocr_par' dir='ltr' id='par_1_6' title="bbox 0 0 1672 5276">
     <span class='ocr_line' id='line_1_40' title="bbox 0 0 1672 5276; baseline 0 0"><span class='ocrx_word' id='word_1_308' title='bbox 0 0 1672 5276; x_wconf 95' lang='lat' dir='ltr'><strong> </strong></span> 
     </span>
    </p>
   </div>
  </div>
 </body>
</html>
