3334 5276
363 330 404 396 60
720 355 953 402 ninnoulczmr
971 345 1138 402 aurnuns.
1246 340 1253 350 '

362 513 499 598 proinde
524 516 751 600 supplicabitis
777 515 981 583 Beatitudini
1005 515 1142 601 prefate,
1168 525 1205 581 ut
1221 519 1372 601 dignetur
1389 517 1491 584 consi.

362 619 477 685 derare
494 622 590 687 solita
605 644 664 689 sua
681 623 854 708 prudentia
872 629 906 688 et
922 624 1080 690 immensa
1100 627 1261 708 sapientia
1273 625 1491 692 condit-ionem

360 729 457 796 istam
472 749 582 828 rerum
599 737 631 796 et
646 733 831 816 prospicere
847 737 946 816 atque
962 733 1114 799 ceteriter
1131 732 1246 799 afferre
1263 733 1321 801 illa
1334 734 1492 801 salutaris

362 836 517 919 remedia,
534 860 596 923 que
612 841 713 923 exigit
728 840 919 924 magnitudo
935 841 1082 925 periculi,
1109 863 1186 907 nam
1212 847 1371 926 occupata
1396 843 1492 908 mari·

361 947 443 1010 tima
461 947 605 1013 Albania
622 946 723 1031 (quod
741 947 831 1014 Deus
857 949 1002 1034 avertat)
1019 949 1101 1014 nibil
1126 950 1216 1016 aliud
1242 953 1369 1034 restari,
1395 971 1492 1035 quam

362 1054 505 1120 transire
536 1055 569 1120 in
601 1057 735 1122 Italiam
768 1058 810 1122 ad
843 1057 981 1140 libitum,
996 1057 1039 1144 {in
1055 1059 1229 1141 pernitiem
1259 1059 1362 1124 totius
1394 1058 1494 1124 chris-

363 1163 531 1230 tianitatis.

472 1319 510 1337 ..
535 1321 542 1338 .
565 1271 722 1339 Preterea
747 1275 774 1338 si
800 1274 885 1340 forte
911 1273 1080 1342 Sanctitas
1106 1274 1236 1359 prefata
1260 1275 1385 1342 faceret
1401 1272 1493 1338 vobis

364 1379 507 1463 aliquam
524 1382 719 1446 mentionem
735 1383 776 1446 dc
792 1403 872 1466 pace
888 1381 997 1464 Tarsi,
1013 1389 1046 1448 et
1063 1382 1102 1447 de
1114 1383 1282 1449 oblatione
1297 1380 1391 1448 nobis
1406 1377 1495 1446 facts

364 1508 423 1572 per
441 1487 689 1554 Serenissimum
706 1490 883 1557 Dominum
898 1490 1024 1574 Regem
1048 1485 1233 1574 Hungarie,
1257 1489 1301 1556 ad
1326 1491 1496 1556 devenien-

366 1595 442 1662 dum
469 1598 529 1663 tali
553 1597 587 1663 in
612 1621 691 1681 pace
717 1622 789 1665 cum
818 1600 943 1665 Turco:
970 1598 1219 1684 respondebitis,
1237 1599 1324 1682 quod
1341 1621 1415 1664 oum
1428 1597 1495 1680 jam

365 1703 434 1770 fere
451 1706 669 1790 quinquennio
686 1705 773 1771 bello
789 1707 851 1772 hoc
867 1707 967 1788 gravi,
993 1712 1026 1771 et
1050 1706 1322 1790 periculossisimo
1348 1703 1497 1788 impliciti

367 1813 531 1896 fuerimus,
548 1820 581 1880 et
597 1814 858 1898 periclitantibus
885 1815 964 1881 locis
990 1815 1116 1894 nostris,
1145 1814 1282 1897 reliquis
1310 1813 1495 1878 christianis

369 1923 591 2003 cessantibus,
617 1930 649 1988 et
666 1925 898 1990 sustinentibus
915 1924 1010 1990 nobis
1027 1925 1144 1988 molem
1161 1924 1245 1988 hunc
1261 1923 1350 2002 belli,
1367 1929 1404 1985 ut
1420 1921 1496 1985 faci-

368 2051 438 2093 mus
456 2051 519 2114 que
536 2031 564 2094 si
580 2032 685 2095 minus
702 2053 774 2096 oum
790 2053 948 2096 consensu
964 2030 1068 2113 Regie
1085 2030 1274 2114 Majestatis
1299 2027 1429 2111 prefate
1445 2028 1496 2092 de-

368 2137 478 2202 venire
504 2160 562 2222 pro
588 2139 767 2223 Majestate
795 2137 863 2204 Sua
889 2147 923 2203 et
948 2139 1041 2203 nobis
1068 2136 1110 2202 ad
1134 2135 1280 2202 inducias
1297 2157 1355 2219 per
1372 2135 1498 2217 aliquot

368 2252 495 2329 tempus
521 2249 688 2330 cumipse
716 2247 832 2328 Tmou,
869 2247 925 2330 qui
951 2268 1010 2330 pro
1030 2252 1148 2310 natura
1172 2265 1231 2313 sua
1247 2241 1498 2310 insolentissima

370 2354 522 2438 neglexit,
548 2357 633 2422 unde
660 2356 870 2421 considerans
897 2355 1056 2439 Majestas
1083 2353 1189 2437 Regia
1214 2353 1319 2435 magis
1344 2351 1499 2434 prodesse

368 2485 464 2548 posse
480 2464 577 2528 rebus
594 2463 660 2528 suis
677 2470 711 2528 et
726 2464 855 2543 nostris,
872 2469 909 2526 ut
934 2462 1019 2528 alter
1044 2467 1194 2526 nostrum
1220 2460 1324 2542 possit
1349 2457 1499 2523 devenire

314 2631 318 2636 .
370 2573 411 2638 ad
438 2593 550 2655 pacem
575 2594 647 2637 cum
672 2571 789 2651 Tmou,
815 2571 937 2655 optulit
962 2569 1056 2635 nobis
1080 2568 1164 2633 hanc
1189 2567 1387 2646 facultatem,
1404 2586 1499 2648 quam

370 2682 617 2763 acceptavimus
635 2679 718 2745 sicut
733 2702 770 2744 ex
789 2680 967 2744 introcluso
993 2678 1140 2762 exemplo
1156 2677 1315 2760 inspicere
1333 2673 1500 2758 poteritis3

370 2789 448 2856 licet
475 2795 565 2853 certe
593 2793 760 2852 teneamus
787 2787 911 2852 dictum
936 2785 1079 2852 Tuscum
1104 2805 1169 2850 non
1195 2805 1266 2849 esse
1292 2781 1502 2846 deventurum

372 2899 414 2963 ad
430 2919 544 2981 paoem
561 2897 671 2978 ullam,
689 2919 760 2962 cum
777 2899 821 2961 sit
838 2895 1120 2961 ambitiosissimus
1137 2902 1171 2960 et
1187 2893 1449 2978 superbissimus,
1471 2896 1502 2954 et

372 3029 410 3072 eo
426 3006 605 3090 superbior,
621 3004 708 3088 quod
726 3027 759 3070 se
777 3004 866 3069 videt
882 3010 1048 3088 potentem
1065 3006 1098 3068 in
1124 3003 1235 3076 armis,
1259 3000 1502 3084 promittentem

374 3115 435 3180 sibi
461 3116 570 3179 omnia
596 3113 637 3179 ob
664 3113 897 3197 negligentiam
926 3113 1187 3178 christianorum.
1204 3107 1419 3176 Instificando
1435 3125 1502 3172 rem

372 3221 458 3286 hanc
482 3228 515 3286 et
540 3220 736 3286 declarando
754 3221 920 3286 ardentem
937 3221 1183 3304 dispositionem
1200 3225 1347 3285 nostram
1363 3212 1502 3281 faciendi

373 3337 489 3398 contra
506 3330 649 3394 Tuscum
665 3331 770 3414 ipsum
787 3351 826 3395 ex
842 3330 995 3413 operibus
1011 3329 1132 3395 nostris
1149 3335 1183 3395 et
1198 3325 1381 3411 sumptibus
1399 3323 1504 3408 quoti-

375 3439 491 3520 dianis,
508 3440 604 3506 sicuti
622 3441 741 3522 optime
759 3439 927 3503 sciveritis.
944 3437 997 3503 Et.
1014 3445 1074 3503 etc.

483 3547 525 3631 ΔΓ
575 3551 638 3611 134
685 3586 727 3596 -
776 3553 816 3612 aa
865 3586 908 3594 -
959 3551 998 3610 ro

484 3711 639 3772 (Velenczel
660 3710 840 3773 allamkbuyv
861 3711 915 3768 44)
