3336 5258
702 744 774 804 272.

165 898 265 962 1479.
287 901 310 962 A
330 902 465 990 rrdpolyc'
481 903 595 990 lcirrtly
610 905 662 968 Ire't
690 920 841 993 rrtapyort
871 909 1008 997 locoppa'
1025 922 1093 993 teez,
1110 936 1131 976 a
1147 893 1204 976 kil
1221 937 1302 1002 mep-

577 1014 886 1098 ojdade'lcoztatnak.

273 1168 459 1254 Joannelm,
477 1173 509 1238 lo
527 1171 645 1258 Signor
661 1173 800 1242 Missere
818 1177 986 1261 Pasquale
1003 1202 1039 1244 ce
1064 1183 1168 1246 scriue
1184 1182 1299 1249 lettere

164 1277 205 1342 dc
236 1283 350 1363 questo
382 1285 477 1346 tenor
507 1281 639 1348 missere
656 1283 755 1348 Luise
788 1293 819 1350 et
845 1285 1029 1353 Fra-ncesco
1056 1287 1207 1374 Coppula
1233 1292 1302 1358 fate

164 1386 288 1453 donare
304 1387 347 1454 ad
364 1389 497 1454 miscere
514 1389 632 1457 Nicolo
651 1398 684 1456 et
709 1392 751 1457 ad
769 1393 907 1460 llisserc
931 1395 1113 1461 Benedicto
1132 1397 1301 1466 Gentilho-

163 1498 245 1562 mini
262 1495 401 1583 Uagam,
417 1498 440 1562 li
466 1499 555 1582 quali
573 1500 605 1565 lo
623 1499 743 1583 Signor
758 1503 809 1567 Re
826 1504 866 1568 de
882 1513 1033 1587 presente
1048 1509 1092 1572 ha
1107 1507 1187 1572 facti
1203 1531 1298 1576 cava·

155 1609 238 1689 lieri,
254 1612 326 1673 octo
343 1627 450 1673 canno
467 1608 507 1674 de
523 1609 584 1673 seti
600 1630 658 1693 per
675 1633 739 1677 una
766 1613 871 1678 robba
896 1635 955 1696 per
972 1635 1044 1680 uno.
1065 1613 1143 1680 Oire
1160 1624 1296 1701 quattro

164 1737 267 1783 oanne
282 1737 341 1800 per
358 1719 509 1784 ciascuno
526 1723 558 1783 ct
573 1739 632 1802 per
656 1719 726 1784 loro
754 1720 784 1784 le
810 1721 962 1788 donarite
988 1723 1028 1788 de
1045 1725 1232 1792 continente
1257 1728 1299 1794 ad

164 1825 357 1894 Martinello
374 1846 462 1908 papa
478 1826 567 1891 lator
595 1827 670 1894 dela
689 1837 839 1912 presente
866 1829 999 1914 Scripta
1016 1855 1035 1896 a
1053 1836 1104 1896 26.
1121 1831 1303 1900 Decembre

166 1939 259 2000 14r9.
276 1935 341 2000 fino
361 1935 455 1999 1480.
473 1934 509 2001 Si
525 1935 585 2000 che
603 1935 713 2002 datelo
731 1938 783 2002 alo
796 1938 883 2003 dicto
902 1940 1047 2006 Maltino
1064 1947 1097 2006 ct
1113 1942 1292 2025 Pigliatine

163 2043 303 2111 Polissa.
319 2045 461 2128 Neapoli
479 2049 530 2109 26.
545 2045 725 2111 Decembre
745 2049 839 2112 1479.

275 2211 361 2268 (Gran
374 2209 507 2259 Arclrivio
519 2211 546 2260 di
558 2211 668 2273 Napoli.
680 2210 780 2262 L'lticio
794 2211 924 2264 Finanze.
943 2213 1042 2265 Uedole
1056 2214 1083 2264 di
1094 2215 1237 2266 'l'esorerla
1255 2217 1301 2266 vol

164 2301 320 2350 LXYXIII.
335 2303 381 2352 fol.
398 2303 450 2364 10.)

652 2449 700 2456 -.-

696 2685 770 2745 273.

165 2863 262 2924 1479.
280 2865 308 2925 A
327 2864 477 2926 velenczei
503 2863 724 2928 ‹illamtono'ce
751 2867 889 2947 rrtoar'tjo
916 2866 1044 2946 denotet,
1060 2868 1140 2953 kopp
1155 2867 1302 2952 Mapyar

165 2969 271 3034 Baldo
287 2993 428 3057 mvapyar
444 2971 572 3058 lrr'rrtlpi
588 2974 761 3058 kopltdnpt
786 2973 883 3060 chlo
902 2973 1077 3060 sthetenot
1094 2974 1302 3058 tendor-potta-

578 3081 702 3145 tdao'ro'l
719 3081 884 3166 lebesze'lje.

162 3255 547 3328 MOOCCLXXVIHI.
564 3260 616 3325 die
634 3258 812 3324 XXVIII.
829 3258 995 3344 Januarij.

163 3371 182 3429 6
201 3364 374 3449 Sapientes
392 3366 542 3453 Consilij.
697 3368 817 3434 Danda
834 3375 884 3433 est
899 3369 1005 3434 forma
1021 3368 1170 3454 fugiendi
1188 3391 1302 3452 quam·
1323 3405 1329 3418 ι

163 3481 182 3540 3
201 3475 373 3560 Sapientes
391 3483 412 3541 t.
429 3477 450 3543 f.
653 3499 779 3562 cunque
806 3481 983 3544 novitatem
1010 3501 1083 3545 cum
1099 3479 1192 3561 Rege
1208 3480 1303 3544 Hun-

164 3583 375 3669 3Sapientes
392 3583 563 3651 Ordinum.
651 3585 754 3667 gotie,
779 3593 813 3650 et
837 3588 1045 3654 nihilominus
1078 3587 1303 3653 conservanda

164 3675 214 3758 est
229 3678 302 3759 cmm
318 3680 427 3760 insula
447 3680 694 3780 Vade-‘quieta
710 3695 872 3780 possessio
888 3701 921 3759 et
934 3695 1120 3780 jurisdictio
1139 3702 1253 3760 nostra
1269 3695 1304 3760 in

165 3803 285 3887 golpho
310 3801 537 3886 Venetiarum
553 3804 595 3872 ab
613 3827 678 3888 qua
694 3805 855 3890 dependet
881 3827 952 3870 cum
970 3803 1076 3870 salute
1102 3804 1302 3888 reliquarum

164 3912 344 3978 insularum
359 3919 548 3979 nostrarum
574 3921 607 3980 et
632 3915 733 3979 totius
760 3934 816 3979 ore
839 3913 1015 3995 Dalmatia
1033 3913 1175 3978 maxima
1201 3913 1299 3977 etiam

165 4021 293 4088 utilitas
311 4027 343 4086 ct
360 4021 576 4088 commoditas
593 4022 691 4108 hujus
709 4029 820 4089 nostre
846 4023 996 4104 civitatis,
1013 4042 1165 4087 unacum
1186 4027 1299 4087 nostra

165 4131 373 4213 reputatione
389 4137 424 4196 et
438 4130 571 4196 honore.
585 4132 711 4198 Iccirco
727 4131 819 4196 vadit
834 4152 930 4214 pars:
949 4129 1045 4214 Quod
1056 4129 1207 4194 mittatur
1224 4127 1302 4212 Seg-

165 4262 242 4304 nam
266 4261 349 4305 unus
377 4261 416 4304 ex
433 4237 627 4326 Secretarijs
653 4241 784 4320 nostris,
802 4240 858 4322 qui
876 4239 1030 4305 Dominio
1056 4237 1206 4303 videatur
1230 4260 1303 4303 cum

166 4348 378 4434 infrascripta
405 4351 648 4416 commissione:
675 4348 876 4416 Mandamus
897 4348 966 4431 tibi,
982 4354 1019 4414 ut
1035 4348 1142 4414 subito
1160 4346 1303 4431 Segnam

166 4465 199 4523 tc
215 4457 435 4544 conferas‚vel
452 4458 506 4524 ubi
523 4460 557 4524 in
574 4459 640 4524 illis
656 4457 805 4543 partibus
821 4457 1021 4522 intellexeris
1038 4456 1175 4539 reperiri
1193 4477 1303 4539 perso·

166 4589 243 4633 narn
259 4567 367 4634 Maier
393 4567 473 4634 Blas
500 4565 673 4654 Capitanei
698 4567 804 4650 Regio
830 4565 1018 4652 Majestatis
1044 4564 1225 4648 Huagarie‚
1250 4563 1301 4628 cui
