3356 5266
725 418 959 468 nu’cormczmr
976 409 1145 466 mium,

898 693 969 756 104

369 853 463 918 1469.
488 855 519 918 A
547 853 699 918 ualcncui
723 849 941 918 dilaouandce
965 856 1074 918 rdmai
1098 856 1217 920 hovae
1240 855 1394 941 utaadja,
1418 855 1501 940 dopy

366 963 493 1028 mitttdn
509 959 626 1048 Sepeia
643 961 892 1048 elsoplaidadoul
909 987 930 1025 a
946 962 1038 1028 rcrek
1059 961 1274 1050 Olaazorndp
1299 962 1501 1048 biatonrdth

368 1071 589 1157 cerzdiyeztcti,
605 1095 626 1134 c
644 1070 885 1157 Franpepo'nok
909 1072 1027 1136 kdvete't
1042 1075 1160 1158 sopitae,
1177 1075 1209 1137 ἑο
1226 1097 1248 1136 a
1263 1071 1412 1160 peipdndl
1437 1093 1500 1134 esz-

368 1177 499 1263 tvadje,
524 1181 604 1264 iuopy
629 1201 650 1240 a
679 1201 817 1265 mappas·
848 1177 1033 1266 kirdlplyal
1064 1181 1270 1268 epyete'rtdlep
1303 1206 1324 1244 a
1355 1177 1500 1244 torckkel

734 1285 821 1350 bc'kdt
837 1285 928 1350 kdtne'
945 1287 1136 1374 ipyekezze'k.

367 1443 713 1512 MCCOCLXVIIII.
729 1445 782 1511 die
798 1445 902 1512 XXI.
920 1446 1123 1516 Decembris.

475 1551 535 1619 Ser
559 1553 737 1621 Francisco
762 1555 954 1622 Justiniano
980 1557 1087 1639 militi,
1112 1555 1247 1624 Oratori
1274 1561 1388 1624 nostro
1411 1555 1501 1641 apud

367 1659 501 1728 Sumam
518 1661 719 1730 Pontificem.

367 1766 539 1856 Sapientes
561 1769 699 1854 Consilij
843 1769 973 1836 Bellum
990 1769 1090 1838 Turci
1105 1773 1253 1856 superius
1268 1771 1361 1838 vobis
1377 1793 1498 1838 memo·

452 1902 467 1937 ι
559 1885 582 1942 t.
598 1878 618 1943 i.
800 1881 942 1946 ravimus
968 1887 1001 1945 et
1026 1885 1062 1944 ut
1087 1879 1202 1946 melius
1227 1879 1389 1946 timendas
1412 1879 1499 1946 illius

366 1973 568 2054 conditiones
577 1971 986 2072 miei—figatispossitisque
1000 1985 1134 2053 Summo
1150 1985 1303 2054 Pontifici
1320 1987 1498 2072 declarare,

367 2097 529 2180 quomodo
546 2096 573 2162 si
590 2095 632 2161 ad
649 2115 709 2160 nos
733 2095 952 2161 immediatios
979 2095 1021 2160 ob
1045 2095 1186 2161 confinia
1210 2103 1323 2162 nostra
1347 2099 1499 2181 pertinet,

365 2207 510 2290 pertinet
519 2205 731 2290 principalius
742 2203 786 2270 ad
795 2203 1039 2270 Beatitudinem
1048 2203 1152 2272 Suam
1168 2226 1338 2271 comunem
1354 2206 1497 2272 omnium

367 2313 617 2381 christianorum
633 2319 761 2398 patrem
778 2317 811 2378 et
819 2312 1010 2396 principem,
1025 2333 1083 2378 vos
1098 2314 1292 2395 advisamus,
1303 2311 1391 2396 quod
1407 2335 1499 2380 occu-

367 2431 454 2508 pata,
471 2423 555 2488 sicut
570 2421 677 2508 pridie
694 2421 788 2488 vobis
805 2421 1001 2505 scripsimus,
1025 2422 1157 2487 civitate
1181 2419 1289 2505 Segne
1304 2422 1347 2487 ab
1363 2421 1499 2506 Hunga·

366 2533 422 2615 ris,
438 2528 583 2598 Comites
599 2527 658 2611 illi,
667 2530 723 2614 qui
739 2529 844 2594 multa
859 2529 980 2613 oppida
995 2535 1117 2610 tenent,
1127 2531 1192 2596 situ
1201 2537 1235 2596 et
1248 2536 1370 2596 natura
1386 2530 1498 2598 valida

367 2647 401 2706 et
417 2641 544 2706 munita
568 2641 654 2706 inter
678 2639 879 2724 provinciam
904 2637 1041 2706 Bossine
1067 2645 1098 2704 et
1114 2639 1287 2725 Hystriam
1307 2644 1341 2703 et
1356 2647 1499 2705 ceteram

368 2747 512 2830 Italiam,
545 2749 579 2813 in
613 2747 872 2833 desperationem
907 2745 996 2812 ducii
1037 2747 1300 2814 manifestissime
1326 2747 1439 2813 dicunt
1461 2755 1495 2813 et

367 2855 535 2923 aiffrmant
567 2877 601 2923 se
631 2859 750 2941 potius,
775 2875 873 2940 quam
898 2857 980 2939 pati,
1003 2876 1171 2922 remanere
1197 2856 1343 2941 privatos
1367 2855 1500 2922 civitate

366 2963 434 3044 illa,
450 2985 513 3047 que
529 2985 604 3030 suus
621 2971 671 3032 ost
687 2963 791 3045 nidus,
807 2985 867 3031 sua
882 2963 1088 3048 incunabula,
1114 2973 1147 3031 et
1171 2964 1272 3046 tituli,
1298 2964 1496 3049 dominijqua

367 3071 418 3136 sui
435 3079 571 3155 auotor3
589 3081 622 3139 et
647 3073 802 3140 adlimina
819 3072 946 3138 Turcos
961 3080 1132 3140 vocaturos
1145 3081 1178 3142 et
1187 3074 1352 3158 posituros
1376 3073 1410 3138 in
1425 3071 1498 3139 illo-

364 3201 435 3246 rum
466 3179 616 3246 manibus
647 3201 835 3265 quecunque
866 3180 965 3266 opida
990 3187 1023 3246 et
1048 3187 1169 3246 statum
1202 3202 1322 3264 eorum,
1348 3179 1436 3265 quod
1469 3179 1497 3244 si

365 3293 540 3371 ocurreret,
556 3309 620 3354 non
635 3295 767 3372 possent
784 3288 886 3353 Turni
904 3287 1043 3373 amplius
1058 3287 1101 3354 ab
1116 3287 1215 3353 Italic
1240 3286 1357 3353 finibus
1381 3289 1496 3388 arceri²

365 3396 422 3462 sed
447 3394 487 3462 de
513 3398 613 3482 ipsius
638 3397 734 3464 Italic
759 3399 958 3484 possessione
983 3401 1016 3464 in
1041 3397 1144 3465 Italia
1169 3419 1243 3463 eum
1269 3396 1385 3464 Tmcis
1408 3399 1497 3463 intra

364 3505 568 3572 brevissimos
593 3529 696 3573 annos
722 3505 911 3571 csirtandum
936 3513 1037 3588 esset;
1062 3507 1124 3573 hoc
1152 3511 1313 3590 quantum
1333 3507 1497 3589 importet,

364 3619 586 3700 quantumque
603 3614 854 3681 existimandum
865 3616 908 3681 sit
923 3622 955 3679 et
964 3613 1074 3681 futuro
1084 3621 1178 3680 tanto
1194 3613 1371 3696 discrimini
1387 3633 1495 3678 occur-

365 3720 519 3788 rendum:
537 3721 715 3788 Beatitudo
732 3720 800 3788 Sua
816 3722 1058 3806 sapientissima
1082 3723 1203 3807 optime
1223 3721 1376 3806 intelligit
1393 3719 1492 3805 hujus

366 3835 613 3914 ceterorumque
629 3829 797 3911 malorum,
822 3853 884 3913 que
909 3831 1030 3896 bellum
1056 3831 1155 3896 Italie
1171 3831 1351 3914 producere
1375 3837 1495 3914 posset,

365 3937 541 4004 remedium
559 3945 592 4003 et
607 3939 814 4018 medicinam,
823 3960 887 4022 pax
903 3947 951 4005 est
967 3939 1120 4020 allatura,
1131 3961 1229 4023 quam
1245 3939 1346 4022 igitur
1361 3938 1501 4004 suadete

366 4049 452 4112 omni
481 4055 586 4112 vestro
603 4047 712 4113 studio
729 4055 762 4112 et
778 4047 959 4128 diligentia,
984 4069 1045 4130 que
1061 4053 1186 4131 quanto
1211 4047 1307 4113 citius
1324 4045 1389 4128 fiet,
1404 4050 1498 4112 teuto

365 4153 479 4220 utilior
495 4163 527 4220 et
543 4155 708 4221 comodior
726 4156 834 4221 futura
854 4161 911 4239 est,
936 4176 1045 4221 rerum
1069 4161 1317 4238 temporumque
1343 4154 1498 4219 conditio-

367 4264 462 4331 nibus
478 4265 525 4330 sic
540 4263 752 4349 exigentibus.

471 4369 622 4437 Oeterum
647 4371 808 4457 quomodo
833 4373 989 4456 pericula,
1014 4391 1076 4454 que
1102 4369 1143 4434 de
1167 4369 1281 4435 Turcis
1305 4371 1494 4437 memoravi-

362 4501 444 4560 mus,
459 4487 706 4563 presentaneum
724 4486 757 4544 et
772 4479 918 4545 validum
934 4479 1112 4545 remedium
1129 4478 1304 4564 exiguntur
1320 4483 1353 4543 et
1368 4479 1492 4545 nullum

363 4587 594 4672 cognoscimus,
611 4586 831 4652 vehementius
847 4586 1163 4670 accomodatiusque,
1191 4607 1289 4670 quam
1306 4586 1394 4668 quod
1409 4585 1495 4652 Bea-
