3356 5266
351 371 414 434 142
699 387 930 434 nnnousomai
947 377 1116 434 esterna

455 547 660 632 Iujunximus
677 553 829 632 preterea
855 549 956 629 vobis,
973 557 1009 614 ut
1029 549 1132 633 Regio
1159 547 1332 633 blajestati
1349 549 1481 634 Magni-

348 655 425 722 licos
441 653 600 722 Domiuos
617 654 733 740 Segne,
750 657 843 722 nobis
869 657 1111 725 commendatos
1127 655 1302 741 diligenter
1326 664 1361 723 et
1387 679 1482 724 aceu-

348 771 418 830 rate
445 765 725 848 commendaretis,
751 768 978 850 rogaretisque
1004 767 1166 850 prefatam
1191 767 1329 850 Regiam
1357 765 1481 850 Majes-

347 879 449 938 tatem
475 879 587 938 nostro
611 875 748 954 nomine,
764 880 801 940 ut
817 875 983 958 precipere
1000 876 1097 939 vellet
1122 876 1293 959 capitaneo
1310 875 1480 958 copiarum

348 1000 479 1046 suarum
501 982 533 1045 in
560 981 625 1046 illis
650 982 809 1064 partibus,
834 983 921 1066 quod
957 983 1062 1048 dictos
1093 981 1290 1065 Magnifioos
1321 982 1482 1048 Dominos

291 1123 302 1136 -
348 1088 527 1154 molestare
543 1089 635 1154 nolit.
661 1090 925 1174 Expectabamus
947 1109 1078 1175 quoque
1094 1111 1191 1174 super
1208 1091 1270 1154 boo
1286 1090 1482 1174 intelligere,

346 1203 505 1278 quantum
529 1197 685 1281 gessistis,
719 1197 1023 1282 reapondideritque
1057 1200 1146 1265 vobis
1179 1199 1285 1282 Regia
1316 1197 1483 1280 majestas,

348 1304 481 1387 quodsi
505 1304 855 1390 sorteadbucpervos
880 1306 1003 1372 laetum
1030 1305 1155 1386 luisset,
1181 1313 1297 1371 nactus
1322 1307 1483 1389 temporis

348 1414 548 1481 occasionem
574 1419 608 1478 et
632 1414 921 1496 opportunitatem,
953 1412 1127 1496 diligenter
1151 1411 1281 1480 efficere
1307 1419 1421 1478 curate
1447 1421 1482 1476 et

348 1543 408 1586 nos
434 1521 549 1588 vestris
579 1521 685 1586 literis
716 1521 812 1587 tacite
829 1523 990 1587 certiores.

456 1627 681 1694 Intelleximus
697 1629 835 1712 demum,
846 1635 1002 1714 quantum
1012 1630 1162 1720 scribitis,
1172 1651 1228 1694 vos
1238 1629 1357 1694 dixisse
1375 1628 1482 1711 Regis

347 1737 528 1819 Majestati,
543 1737 584 1803 de
601 1745 710 1803 vestra
726 1739 887 1821 opinione,
905 1738 1063 1804 redeundi
1079 1737 1122 1803 ad
1147 1737 1396 1804 Serenissimum
1412 1735 1480 1800 Im-

349 1851 542 1930 peratorem,
557 1867 617 1930 pro
634 1867 734 1912 causa
749 1854 782 1910 et
797 1852 858 1913 eet
876 1844 1094 1930 Quamobrem
1119 1846 1266 1911 volumus
1282 1853 1315 1910 et
1343 1845 1481 1909 manda-

349 1976 420 2020 mus
436 1955 535 2036 vobis,
548 1961 586 2021 ut
600 1954 692 2022 nullo
709 1962 804 2039 pacto
820 1978 840 2021 a
855 1955 983 2040 prelato
1000 1954 1071 2022 Ser.
1088 1953 1230 2022 Domino
1247 1955 1340 2036 Rege
1357 1953 1481 2018 discer-

348 2062 426 2172 dere
451 2063 606 2144 debeatis,
622 2065 691 2127 sine
707 2084 859 2146 expresso
876 2063 1034 2129 mandato
1051 2071 1082 2128 et
1099 2063 1232 2128 licentia
1247 2067 1371 2126 nostra.

457 2171 500 2254 ΔΓ
548 2174 612 2234 148
657 2207 701 2217 -
749 2175 762 2234 1
813 2209 857 2219 -
903 2179 932 2237 o.

456 2332 613 2394 (Velenezei
626 2335 807 2398 tllamkonyv
824 2341 865 2384 55.
879 2337 908 2396 l.)

887 2894 940 2956 94.

352 3077 446 3139 1469.
463 3073 493 3139 A
510 3073 664 3137 ueleoczei
678 3073 898 3137 dllomtaadca
923 3073 1054 3136 Gonelli
1070 3071 1175 3137 Jdnoe
1192 3071 1357 3137 kuoertnol
1372 3097 1393 3136 α
1410 3076 1482 3136 ced·

392 3187 466 3246 sads·
483 3185 514 3244 e‘s
531 3182 662 3265 Mo'tprla
678 3181 763 3245 kent
786 3181 999 3268 viazonyokro
1028 3182 1263 3266 oonatltozdlap
1280 3179 1434 3244 cdlaazol.

349 3363 699 3445 MCOCOLXVIIII.
715 3375 767 3441 die
783 3375 902 3444 XXV.
920 3375 1133 3461 Septembris.

456 3483 703 3568 Circumspecto
719 3485 905 3552 Secretario
921 3492 1033 3550 nostro
1048 3485 1073 3550 J
1075 3486 1174 3550 oanni
1190 3483 1333 3550 Gonello
1350 3482 1392 3547 ad
1410 3481 1472 3547 Ser

349 3593 595 3676 Imperatorem.

350 3700 520 3784 Sapientes
541 3701 676 3785 Consiltj
726 3701 729 3783 l
840 3698 1351 3766 JoannesiRedditesuntnobis
1373 3719 1481 3780 nuper

351 3805 522 3891 Sapientes
546 3816 569 3873 t.
586 3809 606 3874 s.
727 3830 729 3914 p
777 3809 851 3874 bine
862 3810 955 3873 litere
966 3817 1030 3888 tue,
1042 3808 1118 3873 date
1130 3807 1223 3874 ambe
1234 3805 1360 3872 XI'III.
1371 3806 1480 3889 hujus,

349 3919 383 3981 in
399 3919 506 4001 prima
521 3903 624 4001 parte,
638 3902 780 4002 odarum
790 3919 899 4002 tangis
916 3918 1170 4002 Imperatoriam
1186 3917 1397 4000 Majestatem
1415 3915 1478 3980 tibi

349 4025 469 4090 dixisse
497 4027 539 4092 ad
564 4048 613 4107 ea,
639 4049 702 4110 que
727 4029 755 4091 ei
781 4047 956 4110 exposeras
988 4025 1029 4089 de
1054 4027 1291 4110 provisionibus
1317 4023 1478 4089 faciendis

350 4157 506 4218 equorum
542 4135 593 4204 VI
620 4157 660 4199 nr.
686 4135 728 4201 ad
754 4135 976 4218 reprimendas
1001 4133 1206 4200 turchorum
1222 4134 1423 4198 incursiones
1439 4137 1473 4195 et

348 4251 408 4308 etc.
424 4245 472 4308 nti
487 4244 617 4327 planius
633 4243 675 4308 ab
691 4241 834 4308 Oratore
851 4250 965 4307 nostro
990 4241 1161 4322 Hungarie
1186 4241 1338 4306 babuisse
1365 4239 1481 4304 scribi·

348 4354 392 4418 tis
409 4349 628 4418 Serenitatem
646 4352 746 4434 ipsius
765 4349 936 4433 Hungarie
952 4349 1053 4431 Regis
1070 4351 1157 4414 intra
1174 4369 1295 4432 paucos
1320 4349 1392 4413 dies
1417 4367 1478 4411 sua

348 4481 420 4525 cum
438 4457 615 4541 Majestate
631 4479 665 4521 se
682 4457 809 4533 debere,
824 4457 881 4522 ubi
897 4459 997 4524 adeat
1022 4479 1149 4540 quoque
1175 4455 1320 4539 prelatus
1348 4452 1474 4520 Orator

348 4573 469 4648 noster,
485 4573 518 4630 et
533 4565 698 4630 intellecta
724 4565 954 4648 particularius
979 4564 1165 4650 hujusmodi
1180 4566 1330 4645 materia,
1356 4566 1480 4648 poterit
