3336 5258
669 316 764 380 1479.
1211 321 1277 384 409

144 504 326 579 sequantur
341 497 488 581 vestigia,
500 503 534 564 et
550 517 614 563 non
630 496 735 562 solum
750 517 815 563 non
831 494 998 563 offendant
1013 494 1153 581 Regiam
1175 495 1284 566 Subli·

146 602 294 673 mitatem
313 612 347 674 et
361 607 510 673 subditos
526 606 605 692 ejus,
622 604 680 671 sed
702 604 793 671 illam
823 605 932 673 colant
947 612 980 672 et
995 611 1159 690 renerent,
1175 605 1284 674 subdi·

145 716 197 780 tos
224 721 334 782 autem
362 713 502 801 diligant
527 721 657 782 etcum
683 715 730 780 eis
755 715 949 782 amicissime
973 716 1083 782 vivant
1117 720 1152 782 et
1176 722 1285 802 potest

149 821 239 888 illius
256 820 394 890 Comitis
413 823 607 896 correctioni
630 828 664 889 et
680 822 931 891 emmendationi
947 843 1005 907 per
1030 823 1115 890 viam
1139 825 1284 908 pacatio-

150 952 221 996 rem
238 936 270 997 et
289 933 583 999 convenientiorem
598 931 773 1018 provideri,
789 933 873 998 sicut
889 954 948 999 nos
966 932 1111 999 facturos
1127 933 1161 999 in
1176 933 1286 1016 Regia

150 1039 377 1108 satisfactione
394 1047 427 1109 et
442 1042 665 1109 declaratione
681 1041 802 1128 optime
818 1048 929 1109 nostre
945 1040 1122 1109 voluntatis
1148 1047 1185 1108 tu
1204 1040 1284 1109 offer

150 1153 184 1212 et
199 1149 363 1231 promitte.

257 1255 422 1324 Effectum
437 1258 535 1345 hujus
551 1265 605 1324 tue
621 1259 784 1325 missionis
800 1265 835 1325 et
850 1265 906 1325 tue
921 1257 1081 1326 industrie
1100 1280 1170 1326 esse
1195 1261 1284 1347 cupi·

148 1386 230 1445 mus,
247 1372 285 1431 ut
309 1387 368 1450 per
392 1366 530 1433 eundem
555 1365 771 1451 (lapitaneum
797 1367 839 1435 ab
865 1367 954 1434 omni
979 1373 1071 1434 motu
1097 1373 1130 1434 et
1160 1368 1284 1452 impetu

149 1474 409 1540 contradictum
426 1473 588 1542 Comitem
613 1483 647 1542 et
671 1475 714 1542 ab
737 1477 824 1543 omni
840 1477 918 1561 gulfi
940 1477 1048 1544 nostri
1072 1477 1284 1546 turbamenta

150 1582 364 1648 abstineatur.
380 1581 458 1649 Huc
473 1583 576 1668 igitur
591 1583 724 1651 intende
740 1606 854 1652 sensus
870 1591 904 1651 et
920 1585 1043 1668 dirrige
1060 1586 1285 1670 cogitationes,

149 1690 250 1757 verba
267 1695 300 1756 et
316 1692 522 1775 operationes
538 1699 622 1775 tuas,
646 1698 680 1759 et
694 1715 768 1760 eum
784 1693 942 1778 predictis
957 1694 1067 1760 verbis
1092 1700 1126 1760 et
1150 1696 1285 1764 rationi·

151 1801 212 1866 bus
229 1805 262 1864 ct
278 1821 351 1866 eum
368 1799 452 1886 alijs,
463 1823 525 1885 que
543 1802 691 1869 efficaces
707 1809 742 1870 et
757 1804 902 1871 modeste
917 1825 1046 1889 semper
1062 1804 1137 1888 sint,
1153 1805 1241 1889 quod
1257 1807 1285 1872 si

152 1910 347 1977 obtinueris:
357 1910 440 1977 bene
456 1912 597 1997 quidem,
607 1914 724 1999 gratijs
740 1915 822 1981 actis
833 1912 934 1981 redde
947 1903 990 1980 ad
1001 1895 1197 1999 presentiam
1215 1935 1286 1980 nos·

151 2025 247 2084 tram.
265 2018 324 2086 Sin
341 2020 464 2086 minus:
491 2021 531 2088 de
548 2024 636 2088 omni
662 2021 725 2088 tibi
750 2023 830 2090 data
854 2025 1064 2109 responsione
1089 2030 1123 2090 et
1142 2023 1183 2090 de
1198 2025 1287 2090 omni

152 2128 220 2194 alia
237 2148 273 2192 re
288 2150 347 2212 per
361 2127 521 2196 barcham
537 2129 838 2198 festinantissimam
856 2131 963 2198 scribe
973 2137 1007 2199 et
1018 2131 1129 2198 omnia
1143 2130 1286 2214 declara,

152 2241 354 2321 expertaque
370 2236 570 2304 mandatum

260 2344 307 2410 Et
336 2345 488 2410 similiter
518 2343 596 2412 dato
626 2347 782 2413 noticiam
808 2348 891 2420 Viro
921 2348 1035 2417 Nobili
1066 2351 1127 2420 Ser
1157 2353 1288 2422 Jacobo

153 2452 298 2520 Venerio
314 2453 477 2544 provisori
493 2459 614 2538 nostro,
624 2455 652 2520 si
667 2455 735 2522 illie
752 2455 861 2542 fuerit,
877 2458 943 2524 aive
959 2459 1035 2544 alijs
1051 2459 1288 2546 Supraoomitis

153 2562 276 2628 nostris
301 2571 334 2628 et
359 2562 459 2630 etiam
485 2563 609 2630 eomiti
633 2566 767 2648 Joanni,
791 2573 829 2633 ut
853 2567 897 2634 ab
922 2570 1010 2635 omni
1035 2569 1175 2637 insulam
1198 2571 1288 2638 illam

156 2670 289 2738 valeant
302 2673 399 2757 juxta
414 2674 571 2742 mandata
587 2680 701 2742 nostra
718 2676 894 2745 custodire.

424 2870 620 2940 Additiones
636 2871 723 2940 facte
739 2897 800 2960 per
816 2873 1009 2960 Collegium.

263 2997 299 3064 si
315 2999 524 3084 supradictus
542 2999 744 3085 Capitaneus
760 3002 821 3068 tibi
838 3003 1050 3088 responderet
1066 3029 1101 3072 se
1117 3005 1238 3073 habere
1254 3007 1289 3072 in

154 3106 320 3174 mandatis
336 3130 356 3174 a
370 3107 481 3192 Regia
496 3106 676 3194 Majestate
692 3108 877 3178 offendendi
894 3113 1077 3196 predictam
1091 3114 1241 3198 insulam,
1257 3121 1291 3182 et

155 3236 221 3282 non
253 3237 324 3283 esse
354 3239 412 3283 sue
443 3219 648 3284 auctoritatis
672 3216 778 3286 lacere
809 3219 855 3302 id,
885 3219 966 3304 quid
997 3223 1230 3306 requisiveris:
1253 3230 1290 3290 tu

157 3325 350 3390 instantiam
366 3324 479 3408 facite,
495 3331 532 3390 ut
548 3325 664 3392 saltem
682 3326 893 3410 supersedeat
910 3326 952 3395 ab
969 3329 1057 3394 omni
1073 3331 1217 3398 novitate
1232 3353 1291 3415 per

156 3453 249 3498 mare
264 3431 412 3499 iacienda
436 3433 607 3517 tantisper,
624 3434 728 3500 donee
746 3433 789 3502 ad
804 3431 943 3520 Regiam
967 3439 1135 3505 mittamus
1152 3437 1291 3506 celsitu-

157 3541 267 3606 dinem
283 3545 316 3606 et
332 3561 391 3606 sua
407 3541 529 3608 habeat
544 3542 725 3626 responsio,
740 3564 781 3608 ne
796 3541 884 3609 forte
899 3543 1026 3628 aliquid
1047 3546 1179 3613 interim
1204 3548 1290 3614 ineo·

157 3648 245 3715 modi
271 3647 435 3715 accideret
459 3651 626 3734 ingratum
651 3649 759 3716 eidem
783 3649 956 3736 Majestati
981 3652 1108 3736 pariter
1122 3653 1291 3740 nobisque,

158 3757 319 3844 quomodo
335 3778 400 3822 non
417 3755 606 3824 dubitamus
623 3757 761 3824 eandem
787 3755 1001 3843 Majestatem
1018 3761 1150 3844 cognita
1165 3763 1291 3832 amieis

129 3945 136 3957 .
159 3865 243 3930 sima
257 3869 373 3930 nostra
382 3863 612 3948 dispositione:
629 3863 870 3947 mandaturum,
880 3871 918 3932 ut
933 3867 976 3932 ab
992 3868 1079 3933 omni
1095 3871 1242 3936 novitate
1257 3872 1292 3936 in

156 3974 280 4040 nostris
296 3971 477 4038 confinibus
492 3977 710 4058 temperetur;
735 3979 769 4039 et
794 3974 834 4041 de
860 3975 1018 4059 terminis,
1033 3976 1068 4042 in
1084 3979 1202 4061 quibus
1218 4003 1292 4048 cum

157 4083 230 4166 ipso
247 4078 429 4165 Capitaneo
445 4083 652 4166 remanseris,
670 4081 747 4148 dato
772 4081 866 4149 nobis
882 4083 1073 4151 distinctum
1090 4085 1292 4155 advisamen·

159 4195 238 4274 tum,
254 4189 364 4256 etheo
380 4189 482 4256 facias
505 4190 673 4275 provisori,
699 4197 758 4258 aut
783 4189 1053 4276 Sumpraeomitis
1070 4192 1156 4286 (ἔρῃ)
1172 4199 1291 4265 nostris

159 4303 193 4364 et
208 4298 313 4364 eidem
330 4297 453 4364 comiti
468 4297 493 4364 J
494 4299 600 4366 oanni.

269 4407 497 4474 Intelleximus
508 4405 616 4492 Segne
632 4413 777 4476 retentas
794 4407 896 4476 fuisse
912 4409 1085 4477 nonnullas
1101 4409 1243 4483 barchae
1258 4421 1292 4482 et

161 4513 228 4585 alia
253 4517 383 4603 navigia
410 4515 612 4584 subditorum
637 4523 834 4602 nostrorum,
860 4515 1021 4586 credimus
1048 4541 1107 4607 pro
1139 4523 1293 4593 transfre-
