<?xml version="1.0" encoding="UTF-8"?>
<!DOCTYPE html PUBLIC "-//W3C//DTD XHTML 1.0 Transitional//EN"
    "http://www.w3.org/TR/xhtml1/DTD/xhtml1-transitional.dtd">
<html xmlns="http://www.w3.org/1999/xhtml" xml:lang="en" lang="en">
 <head>
  <title>
</title>
<meta http-equiv="Content-Type" content="text/html;charset=utf-8" />
  <meta name='ocr-system' content='tesseract 3.04.00' />
  <meta name='ocr-capabilities' content='ocr_page ocr_carea ocr_par ocr_line ocrx_word'/>
</head>
<body>
  <div class='ocr_page' id='page_1' title='image "./magyardiplomacz00mattgoog_0142.png"; bbox 0 0 3356 5266; ppageno 0'>
   <div class='ocr_carea' id='block_1_1' title="bbox 686 361 1296 420">
    <p class='ocr_par' dir='ltr' id='par_1_1' title="bbox 686 361 1296 420">
     <span class='ocr_line' id='line_1_1' title="bbox 686 361 1296 420; baseline -0.002 0"><span class='ocrx_word' id='word_1_1' title='bbox 686 361 779 420; x_wconf 88' lang='grc'>1469.</span> <span class='ocrx_word' id='word_1_2' title='bbox 1236 361 1296 420; x_wconf 83' lang='lat'>105</span> 
     </span>
    </p>
   </div>
   <div class='ocr_carea' id='block_1_2' title="bbox 167 533 1298 1916">
    <p class='ocr_par' dir='ltr' id='par_1_2' title="bbox 167 533 1298 1916">
     <span class='ocr_line' id='line_1_2' title="bbox 167 533 1292 618; baseline 0.004 -22"><span class='ocrx_word' id='word_1_3' title='bbox 167 535 214 597; x_wconf 88' lang='lat' dir='ltr'>mi</span> <span class='ocrx_word' id='word_1_4' title='bbox 247 533 415 600; x_wconf 88' lang='lat' dir='ltr'>Pontificis</span> <span class='ocrx_word' id='word_1_5' title='bbox 438 535 607 618; x_wconf 83' lang='lat' dir='ltr'>Magnifioi</span> <span class='ocrx_word' id='word_1_6' title='bbox 643 535 789 600; x_wconf 75' lang='lat' dir='ltr'>Comites</span> <span class='ocrx_word' id='word_1_7' title='bbox 805 536 920 618; x_wconf 83' lang='lat' dir='ltr'>Segne,</span> <span class='ocrx_word' id='word_1_8' title='bbox 952 537 1099 600; x_wconf 90' lang='lat' dir='ltr'>nuntium</span> <span class='ocrx_word' id='word_1_9' title='bbox 1131 537 1292 617; x_wconf 81' lang='lat' dir='ltr'>quendam</span> 
     </span>
     <span class='ocr_line' id='line_1_3' title="bbox 170 641 1296 727; baseline 0.002 -21"><span class='ocrx_word' id='word_1_10' title='bbox 170 663 265 706; x_wconf 87' lang='lat' dir='ltr'>suum</span> <span class='ocrx_word' id='word_1_11' title='bbox 281 665 342 726; x_wconf 91' lang='lat' dir='ltr'>pro</span> <span class='ocrx_word' id='word_1_12' title='bbox 359 643 581 727; x_wconf 81' lang='lat' dir='ltr'>supplicando,</span> <span class='ocrx_word' id='word_1_13' title='bbox 590 650 627 708; x_wconf 92' lang='lat' dir='ltr'>ut</span> <span class='ocrx_word' id='word_1_14' title='bbox 636 643 813 710; x_wconf 89' lang='lat' dir='ltr'>Beatitudo</span> <span class='ocrx_word' id='word_1_15' title='bbox 824 643 949 709; x_wconf 81' lang='lat' dir='ltr'>Summi</span> <span class='ocrx_word' id='word_1_16' title='bbox 960 641 1127 710; x_wconf 88' lang='lat' dir='ltr'>Pontifiois</span> <span class='ocrx_word' id='word_1_17' title='bbox 1143 643 1207 707; x_wconf 90' lang='lat' dir='ltr'>illis</span> <span class='ocrx_word' id='word_1_18' title='bbox 1223 644 1296 708; x_wconf 89' lang='lat' dir='ltr'>sub·</span> 
     </span>
     <span class='ocr_line' id='line_1_4' title="bbox 168 749 1293 837; baseline 0.004 -25"><span class='ocrx_word' id='word_1_19' title='bbox 168 749 281 814; x_wconf 82' lang='lat' dir='ltr'>venire</span> <span class='ocrx_word' id='word_1_20' title='bbox 298 751 409 834; x_wconf 90' lang='lat' dir='ltr'>aliquo</span> <span class='ocrx_word' id='word_1_21' title='bbox 426 749 521 816; x_wconf 89' lang='lat' dir='ltr'>modo</span> <span class='ocrx_word' id='word_1_22' title='bbox 538 752 699 834; x_wconf 83' lang='lat' dir='ltr'><strong>dignetur,</strong></span> <span class='ocrx_word' id='word_1_23' title='bbox 714 758 751 816; x_wconf 91' lang='lat' dir='ltr'>ut</span> <span class='ocrx_word' id='word_1_24' title='bbox 767 773 801 817; x_wconf 90' lang='lat' dir='ltr'>se</span> <span class='ocrx_word' id='word_1_25' title='bbox 817 751 859 817; x_wconf 87' lang='lat' dir='ltr'>ab</span> <span class='ocrx_word' id='word_1_26' title='bbox 877 750 1171 837; x_wconf 78' lang='lat' dir='ltr'><strong>oppugnationibus</strong></span> <span class='ocrx_word' id='word_1_27' title='bbox 1196 749 1293 816; x_wconf 79' lang='lat' dir='ltr'>Turoi</span> 
     </span>
     <span class='ocr_line' id='line_1_5' title="bbox 170 857 1295 944; baseline 0.004 -22"><span class='ocrx_word' id='word_1_28' title='bbox 170 857 347 926; x_wconf 83' lang='lat' dir='ltr'>defendere</span> <span class='ocrx_word' id='word_1_29' title='bbox 362 867 505 944; x_wconf 82' lang='lat' dir='ltr'>possent,</span> <span class='ocrx_word' id='word_1_30' title='bbox 520 861 572 925; x_wconf 88' lang='lat' dir='ltr'>eui</span> <span class='ocrx_word' id='word_1_31' title='bbox 589 860 733 928; x_wconf 89' lang='lat' dir='ltr'>Nunotio</span> <span class='ocrx_word' id='word_1_32' title='bbox 750 859 896 926; x_wconf 87' lang='lat' dir='ltr'>volumus</span> <span class='ocrx_word' id='word_1_33' title='bbox 922 867 955 928; x_wconf 90' lang='lat' dir='ltr'>et</span> <span class='ocrx_word' id='word_1_34' title='bbox 979 861 1071 928; x_wconf 87' lang='lat' dir='ltr'>vobis</span> <span class='ocrx_word' id='word_1_35' title='bbox 1096 859 1295 940; x_wconf 83' lang='lat' dir='ltr'>mandamus,</span> 
     </span>
     <span class='ocr_line' id='line_1_6' title="bbox 169 967 1294 1052; baseline 0.002 -21"><span class='ocrx_word' id='word_1_36' title='bbox 169 973 210 1031; x_wconf 89' lang='lat' dir='ltr'>ut</span> <span class='ocrx_word' id='word_1_37' title='bbox 225 987 352 1032; x_wconf 88' lang='lat' dir='ltr'>omnem</span> <span class='ocrx_word' id='word_1_38' title='bbox 366 967 532 1050; x_wconf 80' lang='lat' dir='ltr'>auxilium,</span> <span class='ocrx_word' id='word_1_39' title='bbox 549 967 719 1033; x_wconf 89' lang='lat' dir='ltr'>eonsilium</span> <span class='ocrx_word' id='word_1_40' title='bbox 736 975 769 1033; x_wconf 93' lang='lat' dir='ltr'>et</span> <span class='ocrx_word' id='word_1_41' title='bbox 784 967 929 1034; x_wconf 86' lang='lat' dir='ltr'>favorem</span> <span class='ocrx_word' id='word_1_42' title='bbox 945 967 1098 1052; x_wconf 90' lang='lat' dir='ltr'>prestetis</span> <span class='ocrx_word' id='word_1_43' title='bbox 1113 973 1182 1032; x_wconf 87' lang='lat' dir='ltr'>tam</span> <span class='ocrx_word' id='word_1_44' title='bbox 1206 969 1294 1052; x_wconf 88' lang='lat' dir='ltr'>apud</span> 
     </span>
     <span class='ocr_line' id='line_1_7' title="bbox 171 1073 1296 1159; baseline -0.001 -19"><span class='ocrx_word' id='word_1_45' title='bbox 171 1073 206 1140; x_wconf 89' lang='lat' dir='ltr'>S.</span> <span class='ocrx_word' id='word_1_46' title='bbox 232 1075 433 1157; x_wconf 84' lang='lat' dir='ltr'>Pontificem,</span> <span class='ocrx_word' id='word_1_47' title='bbox 458 1095 557 1159; x_wconf 89' lang='lat' dir='ltr'>quam</span> <span class='ocrx_word' id='word_1_48' title='bbox 573 1075 661 1159; x_wconf 89' lang='lat' dir='ltr'>apud</span> <span class='ocrx_word' id='word_1_49' title='bbox 685 1073 725 1140; x_wconf 93' lang='lat' dir='ltr'>R.</span> <span class='ocrx_word' id='word_1_50' title='bbox 750 1074 909 1141; x_wconf 89' lang='lat' dir='ltr'>Dominos</span> <span class='ocrx_word' id='word_1_51' title='bbox 934 1073 1127 1142; x_wconf 84' lang='lat' dir='ltr'>Oardinales</span> <span class='ocrx_word' id='word_1_52' title='bbox 1152 1080 1186 1140; x_wconf 92' lang='lat' dir='ltr'>et</span> <span class='ocrx_word' id='word_1_53' title='bbox 1201 1073 1296 1139; x_wconf 89' lang='lat' dir='ltr'>aliter</span> 
     </span>
     <span class='ocr_line' id='line_1_8' title="bbox 170 1182 1296 1268; baseline 0 -21"><span class='ocrx_word' id='word_1_54' title='bbox 170 1183 256 1248; x_wconf 88' lang='lat' dir='ltr'>siout</span> <span class='ocrx_word' id='word_1_55' title='bbox 271 1205 353 1268; x_wconf 87' lang='lat' dir='ltr'>opus</span> <span class='ocrx_word' id='word_1_56' title='bbox 367 1183 437 1250; x_wconf 85' lang='lat' dir='ltr'>fore</span> <span class='ocrx_word' id='word_1_57' title='bbox 452 1183 687 1266; x_wconf 76' lang='lat' dir='ltr'>intellexeritis,</span> <span class='ocrx_word' id='word_1_58' title='bbox 704 1183 900 1250; x_wconf 81' lang='lat' dir='ltr'>declarando</span> <span class='ocrx_word' id='word_1_59' title='bbox 925 1183 1069 1268; x_wconf 82' lang='lat' dir='ltr'>pericula</span> <span class='ocrx_word' id='word_1_60' title='bbox 1093 1182 1296 1247; x_wconf 88' lang='lat' dir='ltr'>imminentia</span> 
     </span>
     <span class='ocr_line' id='line_1_9' title="bbox 170 1291 1295 1376; baseline -0.001 -21"><span class='ocrx_word' id='word_1_61' title='bbox 170 1293 275 1357; x_wconf 86' lang='lat' dir='ltr'>statui</span> <span class='ocrx_word' id='word_1_62' title='bbox 298 1293 443 1376; x_wconf 92' lang='lat' dir='ltr'>ipsorum</span> <span class='ocrx_word' id='word_1_63' title='bbox 459 1293 673 1372; x_wconf 89' lang='lat' dir='ltr'>dominorum,</span> <span class='ocrx_word' id='word_1_64' title='bbox 690 1313 752 1375; x_wconf 91' lang='lat' dir='ltr'>que</span> <span class='ocrx_word' id='word_1_65' title='bbox 768 1297 958 1358; x_wconf 83' lang='lat' dir='ltr'>nontamen</span> <span class='ocrx_word' id='word_1_66' title='bbox 974 1291 1030 1374; x_wconf 89' lang='lat' dir='ltr'>eis,</span> <span class='ocrx_word' id='word_1_67' title='bbox 1047 1297 1206 1374; x_wconf 88' lang='lat' dir='ltr'>quantum</span> <span class='ocrx_word' id='word_1_68' title='bbox 1227 1292 1295 1354; x_wconf 92' lang='lat' dir='ltr'>uni·</span> 
     </span>
     <span class='ocr_line' id='line_1_10' title="bbox 168 1399 1296 1484; baseline 0 -21"><span class='ocrx_word' id='word_1_69' title='bbox 168 1420 262 1466; x_wconf 84' lang='lat' dir='ltr'>verse</span> <span class='ocrx_word' id='word_1_70' title='bbox 287 1400 387 1466; x_wconf 84' lang='lat' dir='ltr'>Italis</span> <span class='ocrx_word' id='word_1_71' title='bbox 412 1402 555 1467; x_wconf 90' lang='lat' dir='ltr'>iminent.</span> <span class='ocrx_word' id='word_1_72' title='bbox 582 1401 716 1467; x_wconf 82' lang='lat' dir='ltr'>Etenim</span> <span class='ocrx_word' id='word_1_73' title='bbox 733 1405 838 1466; x_wconf 84' lang='lat' dir='ltr'>status</span> <span class='ocrx_word' id='word_1_74' title='bbox 853 1421 965 1467; x_wconf 91' lang='lat' dir='ltr'>eorum</span> <span class='ocrx_word' id='word_1_75' title='bbox 982 1407 1080 1484; x_wconf 87' lang='lat' dir='ltr'>porta</span> <span class='ocrx_word' id='word_1_76' title='bbox 1104 1399 1296 1480; x_wconf 76' lang='lat' dir='ltr'>Italiaque</span> 
     </span>
     <span class='ocr_line' id='line_1_11' title="bbox 169 1506 1297 1594; baseline -0.002 -21"><span class='ocrx_word' id='word_1_77' title='bbox 169 1516 342 1594; x_wconf 82' lang='lat' dir='ltr'>occupata,</span> <span class='ocrx_word' id='word_1_78' title='bbox 356 1511 446 1578; x_wconf 90' lang='lat' dir='ltr'>nulla</span> <span class='ocrx_word' id='word_1_79' title='bbox 462 1511 602 1594; x_wconf 85' lang='lat' dir='ltr'>amplius</span> <span class='ocrx_word' id='word_1_80' title='bbox 618 1509 734 1576; x_wconf 75' lang='lat' dir='ltr'>Turois</span> <span class='ocrx_word' id='word_1_81' title='bbox 744 1510 945 1593; x_wconf 83' lang='lat' dir='ltr'>resistentia,</span> <span class='ocrx_word' id='word_1_82' title='bbox 960 1510 1023 1575; x_wconf 82' lang='lat' dir='ltr'>nisi</span> <span class='ocrx_word' id='word_1_83' title='bbox 1046 1509 1080 1573; x_wconf 94' lang='lat' dir='ltr'>in</span> <span class='ocrx_word' id='word_1_84' title='bbox 1096 1509 1170 1592; x_wconf 89' lang='lat' dir='ltr'>ipsa</span> <span class='ocrx_word' id='word_1_85' title='bbox 1195 1506 1297 1572; x_wconf 84' lang='lat' dir='ltr'>ltalia</span> 
     </span>
     <span class='ocr_line' id='line_1_12' title="bbox 169 1613 1297 1702; baseline 0 -21"><span class='ocrx_word' id='word_1_86' title='bbox 169 1616 243 1681; x_wconf 87' lang='lat' dir='ltr'>fieri</span> <span class='ocrx_word' id='word_1_87' title='bbox 258 1619 388 1701; x_wconf 85' lang='lat' dir='ltr'>poterit.</span> <span class='ocrx_word' id='word_1_88' title='bbox 405 1617 446 1683; x_wconf 95' lang='lat' dir='ltr'>In</span> <span class='ocrx_word' id='word_1_89' title='bbox 463 1640 527 1702; x_wconf 86' lang='lat' dir='ltr'>qua</span> <span class='ocrx_word' id='word_1_90' title='bbox 542 1639 587 1699; x_wconf 89' lang='lat' dir='ltr'>re,</span> <span class='ocrx_word' id='word_1_91' title='bbox 603 1623 641 1683; x_wconf 89' lang='lat' dir='ltr'>nt</span> <span class='ocrx_word' id='word_1_92' title='bbox 656 1618 947 1702; x_wconf 87' lang='lat' dir='ltr'>importantissima</span> <span class='ocrx_word' id='word_1_93' title='bbox 963 1623 996 1682; x_wconf 91' lang='lat' dir='ltr'>et</span> <span class='ocrx_word' id='word_1_94' title='bbox 1020 1616 1119 1700; x_wconf 83' lang='lat' dir='ltr'>digna</span> <span class='ocrx_word' id='word_1_95' title='bbox 1144 1613 1297 1682; x_wconf 85' lang='lat' dir='ltr'>effieeois·</span> 
     </span>
     <span class='ocr_line' id='line_1_13' title="bbox 170 1724 1298 1810; baseline -0.001 -19"><span class='ocrx_word' id='word_1_96' title='bbox 170 1725 262 1791; x_wconf 91' lang='lat' dir='ltr'>simis</span> <span class='ocrx_word' id='word_1_97' title='bbox 277 1725 519 1810; x_wconf 84' lang='lat' dir='ltr'>provisionibus</span> <span class='ocrx_word' id='word_1_98' title='bbox 537 1747 663 1792; x_wconf 89' lang='lat' dir='ltr'>omnem</span> <span class='ocrx_word' id='word_1_99' title='bbox 688 1731 830 1792; x_wconf 84' lang='lat' dir='ltr'>vestram</span> <span class='ocrx_word' id='word_1_100' title='bbox 846 1725 1000 1792; x_wconf 85' lang='lat' dir='ltr'>adhibete</span> <span class='ocrx_word' id='word_1_101' title='bbox 1025 1724 1242 1808; x_wconf 82' lang='lat' dir='ltr'>diligentiam,</span> <span class='ocrx_word' id='word_1_102' title='bbox 1261 1731 1298 1790; x_wconf 91' lang='lat' dir='ltr'>ut</span> 
     </span>
     <span class='ocr_line' id='line_1_14' title="bbox 169 1831 1297 1916; baseline -0.003 -16"><span class='ocrx_word' id='word_1_103' title='bbox 169 1833 215 1900; x_wconf 89' lang='lat' dir='ltr'>ad</span> <span class='ocrx_word' id='word_1_104' title='bbox 231 1855 288 1900; x_wconf 87' lang='lat' dir='ltr'>eos</span> <span class='ocrx_word' id='word_1_105' title='bbox 306 1834 453 1900; x_wconf 90' lang='lat' dir='ltr'>dominos</span> <span class='ocrx_word' id='word_1_106' title='bbox 469 1835 582 1902; x_wconf 89' lang='lat' dir='ltr'>redeat</span> <span class='ocrx_word' id='word_1_107' title='bbox 598 1835 678 1902; x_wconf 87' lang='lat' dir='ltr'>bene</span> <span class='ocrx_word' id='word_1_108' title='bbox 696 1841 864 1902; x_wconf 83' lang='lat' dir='ltr'>contentos</span> <span class='ocrx_word' id='word_1_109' title='bbox 880 1842 913 1901; x_wconf 91' lang='lat' dir='ltr'>et</span> <span class='ocrx_word' id='word_1_110' title='bbox 932 1835 1022 1901; x_wconf 87' lang='lat' dir='ltr'>ultra</span> <span class='ocrx_word' id='word_1_111' title='bbox 1045 1834 1190 1916; x_wconf 87' lang='lat' dir='ltr'>aliquam</span> <span class='ocrx_word' id='word_1_112' title='bbox 1205 1831 1297 1898; x_wconf 86' lang='lat' dir='ltr'>effee-</span> 
     </span>
    </p>
   </div>
   <div class='ocr_carea' id='block_1_3' title="bbox 169 1942 1391 2028">
    <p class='ocr_par' dir='ltr' id='par_1_3' title="bbox 169 1942 1391 2028">
     <span class='ocr_line' id='line_1_15' title="bbox 169 1942 1391 2028; baseline -0.001 -21"><span class='ocrx_word' id='word_1_113' title='bbox 169 1943 294 2008; x_wconf 87' lang='lat' dir='ltr'>tualem</span> <span class='ocrx_word' id='word_1_114' title='bbox 311 1945 528 2028; x_wconf 88' lang='lat' dir='ltr'>provisionem</span> <span class='ocrx_word' id='word_1_115' title='bbox 545 1950 679 2028; x_wconf 81' lang='lat' dir='ltr'>sperent</span> <span class='ocrx_word' id='word_1_116' title='bbox 695 1945 805 2025; x_wconf 89' lang='lat' dir='ltr'>etiam,</span> <span class='ocrx_word' id='word_1_117' title='bbox 827 1945 1040 2028; x_wconf 80' lang='lat' dir='ltr'>imposterum</span> <span class='ocrx_word' id='word_1_118' title='bbox 1055 1942 1182 2026; x_wconf 80' lang='lat' dir='ltr'>majora</span> <span class='ocrx_word' id='word_1_119' title='bbox 1197 1942 1297 2026; x_wconf 91' lang='lat' dir='ltr'>presi·</span> <span class='ocrx_word' id='word_1_120' title='bbox 1385 1989 1391 1998; x_wconf 88' lang='lat'><em>.</em></span> 
     </span>
    </p>
   </div>
   <div class='ocr_carea' id='block_1_4' title="bbox 169 2050 1298 2462">
    <p class='ocr_par' dir='ltr' id='par_1_4' title="bbox 169 2050 1298 2353">
     <span class='ocr_line' id='line_1_16' title="bbox 169 2050 1298 2135; baseline 0.001 -20"><span class='ocrx_word' id='word_1_121' title='bbox 169 2051 227 2116; x_wconf 85' lang='lat' dir='ltr'>dia</span> <span class='ocrx_word' id='word_1_122' title='bbox 242 2051 285 2116; x_wconf 84' lang='lat' dir='ltr'>ed</span> <span class='ocrx_word' id='word_1_123' title='bbox 301 2051 431 2118; x_wconf 90' lang='lat' dir='ltr'>illorum</span> <span class='ocrx_word' id='word_1_124' title='bbox 456 2053 730 2118; x_wconf 84' lang='lat' dir='ltr'>conservationem</span> <span class='ocrx_word' id='word_1_125' title='bbox 756 2054 885 2134; x_wconf 87' lang='lat' dir='ltr'>sentiet,</span> <span class='ocrx_word' id='word_1_126' title='bbox 912 2073 975 2135; x_wconf 94' lang='lat' dir='ltr'>que</span> <span class='ocrx_word' id='word_1_127' title='bbox 998 2051 1097 2117; x_wconf 91' lang='lat' dir='ltr'>iidem</span> <span class='ocrx_word' id='word_1_128' title='bbox 1129 2050 1237 2115; x_wconf 86' lang='lat' dir='ltr'>nuntii</span> <span class='ocrx_word' id='word_1_129' title='bbox 1263 2057 1298 2116; x_wconf 93' lang='lat' dir='ltr'>et</span> 
     </span>
     <span class='ocr_line' id='line_1_17' title="bbox 172 2157 1295 2229; baseline 0 -5"><span class='ocrx_word' id='word_1_130' title='bbox 172 2158 324 2226; x_wconf 90' lang='lat' dir='ltr'>Dominis</span> <span class='ocrx_word' id='word_1_131' title='bbox 340 2162 406 2226; x_wconf 90' lang='lat' dir='ltr'>suis</span> <span class='ocrx_word' id='word_1_132' title='bbox 422 2160 568 2226; x_wconf 86' lang='lat' dir='ltr'>referant</span> <span class='ocrx_word' id='word_1_133' title='bbox 582 2161 846 2229; x_wconf 84' lang='lat' dir='ltr'>intercessionem</span> <span class='ocrx_word' id='word_1_134' title='bbox 863 2167 1007 2228; x_wconf 87' lang='lat' dir='ltr'>vestram</span> <span class='ocrx_word' id='word_1_135' title='bbox 1029 2163 1155 2225; x_wconf 74' lang='lat' dir='ltr'>nostro·</span> <span class='ocrx_word' id='word_1_136' title='bbox 1165 2157 1295 2224; x_wconf 90' lang='lat' dir='ltr'>nomine</span> 
     </span>
     <span class='ocr_line' id='line_1_18' title="bbox 169 2266 761 2353; baseline 0.019 -21"><span class='ocrx_word' id='word_1_137' title='bbox 169 2267 239 2333; x_wconf 91' lang='lat' dir='ltr'>illis</span> <span class='ocrx_word' id='word_1_138' title='bbox 255 2266 424 2353; x_wconf 90' lang='lat' dir='ltr'>profuisse.</span> <span class='ocrx_word' id='word_1_139' title='bbox 758 2329 761 2343; x_wconf 83' lang='lat'>.</span> 
     </span>
    </p>

    <p class='ocr_par' dir='ltr' id='par_1_5' title="bbox 282 2378 758 2462">
     <span class='ocr_line' id='line_1_19' title="bbox 282 2378 758 2462; baseline 0.002 -18"><span class='ocrx_word' id='word_1_140' title='bbox 282 2378 324 2462; x_wconf 55' lang='grc' dir='ltr'>ΔΓ</span> <span class='ocrx_word' id='word_1_141' title='bbox 373 2383 436 2444; x_wconf 84' lang='lat'>120</span> <span class='ocrx_word' id='word_1_142' title='bbox 482 2417 526 2428; x_wconf 88' lang='grc'><strong>-</strong></span> <span class='ocrx_word' id='word_1_143' title='bbox 572 2385 592 2443; x_wconf 90' lang='lat' dir='ltr'>s</span> <span class='ocrx_word' id='word_1_144' title='bbox 639 2417 682 2430; x_wconf 74' lang='lat'><em>-</em></span> <span class='ocrx_word' id='word_1_145' title='bbox 727 2383 758 2445; x_wconf 86' lang='lat'>4.</span> 
     </span>
    </p>
   </div>
   <div class='ocr_carea' id='block_1_5' title="bbox 278 2544 711 2610">
    <p class='ocr_par' dir='ltr' id='par_1_6' title="bbox 278 2544 711 2610">
     <span class='ocr_line' id='line_1_20' title="bbox 278 2544 711 2610; baseline 0.007 -18"><span class='ocrx_word' id='word_1_146' title='bbox 278 2544 435 2604; x_wconf 85' lang='lat' dir='ltr'>(Velenozei</span> <span class='ocrx_word' id='word_1_147' title='bbox 448 2545 627 2610; x_wconf 79' lang='lat' dir='ltr'>allamkonyv</span> <span class='ocrx_word' id='word_1_148' title='bbox 641 2551 655 2595; x_wconf 86' lang='grc'>9</span> <span class='ocrx_word' id='word_1_149' title='bbox 671 2545 688 2594; x_wconf 91' lang='lat' dir='ltr'>l.</span> <span class='ocrx_word' id='word_1_150' title='bbox 702 2545 711 2604; x_wconf 76' lang='lat' dir='ltr'>l</span> 
     </span>
    </p>
   </div>
   <div class='ocr_carea' id='block_1_6' title="bbox 707 2963 758 3021">
    <p class='ocr_par' dir='ltr' id='par_1_7' title="bbox 707 2963 758 3021">
     <span class='ocr_line' id='line_1_21' title="bbox 707 2963 758 3021; baseline 0 0"><span class='ocrx_word' id='word_1_151' title='bbox 707 2963 758 3021; x_wconf 88' lang='grc'>68.</span> 
     </span>
    </p>
   </div>
   <div class='ocr_carea' id='block_1_7' title="bbox 164 3139 1293 3552">
    <p class='ocr_par' dir='ltr' id='par_1_8' title="bbox 277 3139 1293 3226">
     <span class='ocr_line' id='line_1_22' title="bbox 277 3139 1293 3226; baseline 0 -25"><span class='ocrx_word' id='word_1_152' title='bbox 277 3139 419 3203; x_wconf 67' lang='lat' dir='ltr'>troad</span> <span class='ocrx_word' id='word_1_153' title='bbox 445 3139 597 3204; x_wconf 78' lang='lat' dir='ltr'>uelenozei</span> <span class='ocrx_word' id='word_1_154' title='bbox 622 3140 839 3203; x_wconf 78' lang='lat' dir='ltr'>dllamtandcs</span> <span class='ocrx_word' id='word_1_155' title='bbox 864 3143 1052 3226; x_wconf 69' lang='lat' dir='ltr'>mepkapyja</span> <span class='ocrx_word' id='word_1_156' title='bbox 1080 3139 1194 3203; x_wconf 79' lang='lat' dir='ltr'>Jadra</span> <span class='ocrx_word' id='word_1_157' title='bbox 1220 3140 1293 3202; x_wconf 84' lang='lat' dir='ltr'>kor-</span> 
     </span>
    </p>

    <p class='ocr_par' dir='ltr' id='par_1_9' title="bbox 166 3244 1292 3334">
     <span class='ocr_line' id='line_1_23' title="bbox 166 3244 1292 3334; baseline 0.001 -25"><span class='ocrx_word' id='word_1_158' title='bbox 166 3248 489 3334; x_wconf 73' lang='lat' dir='ltr'>mcinyzo‘inalr,hoqy</span> <span class='ocrx_word' id='word_1_159' title='bbox 504 3273 526 3312; x_wconf 85' lang='lat' dir='ltr'>a</span> <span class='ocrx_word' id='word_1_160' title='bbox 553 3249 628 3312; x_wconf 73' lang='lat' dir='ltr'>Bon</span> <span class='ocrx_word' id='word_1_161' title='bbox 644 3249 841 3333; x_wconf 75' lang='lat' dir='ltr'>e‘sSebenipo</span> <span class='ocrx_word' id='word_1_162' title='bbox 860 3249 929 3312; x_wconf 77' lang='lat' dir='ltr'>kezt</span> <span class='ocrx_word' id='word_1_163' title='bbox 947 3244 1108 3334; x_wconf 69' lang='lat' dir='ltr'>j&#39;errfhrpo&#39;</span> <span class='ocrx_word' id='word_1_164' title='bbox 1136 3248 1292 3330; x_wconf 71' lang='lat' dir='ltr'>villaepo-</span> 
     </span>
    </p>

    <p class='ocr_par' dir='ltr' id='par_1_10' title="bbox 164 3354 1293 3552">
     <span class='ocr_line' id='line_1_24' title="bbox 164 3354 1293 3443; baseline 0 -25"><span class='ocrx_word' id='word_1_165' title='bbox 164 3354 260 3418; x_wconf 82' lang='lat' dir='ltr'>aokat</span> <span class='ocrx_word' id='word_1_166' title='bbox 283 3357 531 3441; x_wconf 70' lang='lat' dir='ltr'>moyseitatesadk</span> <span class='ocrx_word' id='word_1_167' title='bbox 547 3359 580 3420; x_wconf 84' lang='lat' dir='ltr'>e‘s</span> <span class='ocrx_word' id='word_1_168' title='bbox 599 3357 827 3443; x_wconf 74' lang='lat' dir='ltr'>epydltoldbon</span> <span class='ocrx_word' id='word_1_169' title='bbox 863 3381 885 3420; x_wconf 83' lang='lat' dir='ltr'><strong><em>a</em></strong></span> <span class='ocrx_word' id='word_1_170' title='bbox 910 3361 987 3422; x_wconf 81' lang='lat' dir='ltr'>Bdn</span> <span class='ocrx_word' id='word_1_171' title='bbox 1012 3356 1255 3441; x_wconf 71' lang='lat' dir='ltr'>heborpa&#39;sairo&#39;l</span> <span class='ocrx_word' id='word_1_172' title='bbox 1272 3380 1293 3418; x_wconf 85' lang='lat' dir='ltr'>a</span> 
     </span>
     <span class='ocr_line' id='line_1_25' title="bbox 445 3463 1016 3552; baseline 0.002 -25"><span class='ocrx_word' id='word_1_173' title='bbox 445 3463 611 3529; x_wconf 81' lang='lat' dir='ltr'>lokosolrat</span> <span class='ocrx_word' id='word_1_174' title='bbox 626 3465 773 3552; x_wconf 73' lang='lat' dir='ltr'>mepo&#39;oui</span> <span class='ocrx_word' id='word_1_175' title='bbox 789 3465 1016 3549; x_wconf 79' lang='lat' dir='ltr'>tdrekedjenek.</span> 
     </span>
    </p>
   </div>
   <div class='ocr_carea' id='block_1_8' title="bbox 164 3657 1293 4626">
    <p class='ocr_par' dir='ltr' id='par_1_11' title="bbox 164 3657 817 3747">
     <span class='ocr_line' id='line_1_26' title="bbox 164 3657 817 3747; baseline 0.006 -24"><span class='ocrx_word' id='word_1_176' title='bbox 164 3657 519 3726; x_wconf 74' lang='lat' dir='ltr'>Moooouxvrrll.</span> <span class='ocrx_word' id='word_1_177' title='bbox 535 3661 587 3727; x_wconf 88' lang='lat' dir='ltr'>die</span> <span class='ocrx_word' id='word_1_178' title='bbox 603 3661 707 3727; x_wconf 82' lang='lat' dir='ltr'>XIII.</span> <span class='ocrx_word' id='word_1_179' title='bbox 724 3661 817 3747; x_wconf 85' lang='lat' dir='ltr'>Maij.</span> 
     </span>
    </p>

    <p class='ocr_par' dir='ltr' id='par_1_12' title="bbox 275 3767 598 3835">
     <span class='ocr_line' id='line_1_27' title="bbox 275 3767 598 3835; baseline 0.009 -3"><span class='ocrx_word' id='word_1_180' title='bbox 275 3767 469 3834; x_wconf 81' lang='lat' dir='ltr'>Rectoribns</span> <span class='ocrx_word' id='word_1_181' title='bbox 485 3767 510 3835; x_wconf 84' lang='lat' dir='ltr'>J</span> <span class='ocrx_word' id='word_1_182' title='bbox 512 3769 598 3835; x_wconf 88' lang='lat' dir='ltr'>edre.</span> 
     </span>
    </p>

    <p class='ocr_par' dir='ltr' id='par_1_13' title="bbox 164 3875 1293 4626">
     <span class='ocr_line' id='line_1_28' title="bbox 276 3875 1291 3962; baseline -0.001 -20"><span class='ocrx_word' id='word_1_183' title='bbox 276 3875 472 3961; x_wconf 86' lang='lat' dir='ltr'>Aooepimus</span> <span class='ocrx_word' id='word_1_184' title='bbox 503 3900 604 3962; x_wconf 90' lang='lat' dir='ltr'>nuper</span> <span class='ocrx_word' id='word_1_185' title='bbox 636 3881 763 3946; x_wconf 81' lang='lat' dir='ltr'>litteras</span> <span class='ocrx_word' id='word_1_186' title='bbox 796 3889 924 3946; x_wconf 89' lang='lat' dir='ltr'>vestras</span> <span class='ocrx_word' id='word_1_187' title='bbox 961 3881 1057 3947; x_wconf 86' lang='lat' dir='ltr'>datas</span> <span class='ocrx_word' id='word_1_188' title='bbox 1084 3881 1163 3948; x_wconf 77' lang='lat' dir='ltr'>Vll.</span> <span class='ocrx_word' id='word_1_189' title='bbox 1186 3879 1291 3962; x_wconf 75' lang='lat' dir='ltr'>hujuS,</span> 
     </span>
     <span class='ocr_line' id='line_1_29' title="bbox 164 3983 1293 4076; baseline 0.004 -28"><span class='ocrx_word' id='word_1_190' title='bbox 164 3983 285 4066; x_wconf 89' lang='lat' dir='ltr'>quibus</span> <span class='ocrx_word' id='word_1_191' title='bbox 310 3986 454 4052; x_wconf 87' lang='lat' dir='ltr'>scribitis</span> <span class='ocrx_word' id='word_1_192' title='bbox 470 4007 602 4070; x_wconf 89' lang='lat' dir='ltr'>sperare</span> <span class='ocrx_word' id='word_1_193' title='bbox 620 3987 661 4052; x_wconf 90' lang='lat' dir='ltr'>de</span> <span class='ocrx_word' id='word_1_194' title='bbox 679 3991 899 4076; x_wconf 84' lang='lat' dir='ltr'>componenda</span> <span class='ocrx_word' id='word_1_195' title='bbox 915 3997 948 4055; x_wconf 90' lang='lat' dir='ltr'>et</span> <span class='ocrx_word' id='word_1_196' title='bbox 965 3989 1108 4054; x_wconf 86' lang='lat' dir='ltr'>sedanda</span> <span class='ocrx_word' id='word_1_197' title='bbox 1123 3987 1293 4053; x_wconf 89' lang='lat' dir='ltr'>dissensio-</span> 
     </span>
     <span class='ocr_line' id='line_1_30' title="bbox 164 4091 1292 4180; baseline 0.004 -26"><span class='ocrx_word' id='word_1_198' title='bbox 164 4111 241 4155; x_wconf 88' lang='lat' dir='ltr'>nem</span> <span class='ocrx_word' id='word_1_199' title='bbox 267 4091 352 4157; x_wconf 89' lang='lat' dir='ltr'>inter</span> <span class='ocrx_word' id='word_1_200' title='bbox 376 4093 515 4175; x_wconf 87' lang='lat' dir='ltr'>Banum,</span> <span class='ocrx_word' id='word_1_201' title='bbox 539 4099 572 4160; x_wconf 91' lang='lat' dir='ltr'>et</span> <span class='ocrx_word' id='word_1_202' title='bbox 596 4095 707 4162; x_wconf 90' lang='lat' dir='ltr'>fideles</span> <span class='ocrx_word' id='word_1_203' title='bbox 733 4103 862 4164; x_wconf 90' lang='lat' dir='ltr'>nostros</span> <span class='ocrx_word' id='word_1_204' title='bbox 889 4097 1106 4163; x_wconf 86' lang='lat' dir='ltr'>Sibinieenses</span> <span class='ocrx_word' id='word_1_205' title='bbox 1122 4097 1292 4180; x_wconf 86' lang='lat' dir='ltr'>vigentem,</span> 
     </span>
     <span class='ocr_line' id='line_1_31' title="bbox 165 4199 1290 4291; baseline 0.003 -27"><span class='ocrx_word' id='word_1_206' title='bbox 165 4199 381 4283; x_wconf 89' lang='lat' dir='ltr'>quamobrem</span> <span class='ocrx_word' id='word_1_207' title='bbox 397 4203 527 4269; x_wconf 88' lang='lat' dir='ltr'>solitam</span> <span class='ocrx_word' id='word_1_208' title='bbox 543 4203 747 4288; x_wconf 84' lang='lat' dir='ltr'>diligentiam</span> <span class='ocrx_word' id='word_1_209' title='bbox 773 4213 807 4272; x_wconf 91' lang='lat' dir='ltr'>et</span> <span class='ocrx_word' id='word_1_210' title='bbox 831 4207 1039 4291; x_wconf 84' lang='lat' dir='ltr'>prudentiam</span> <span class='ocrx_word' id='word_1_211' title='bbox 1065 4211 1208 4271; x_wconf 86' lang='lat' dir='ltr'>vestram</span> <span class='ocrx_word' id='word_1_212' title='bbox 1223 4204 1290 4268; x_wconf 88' lang='lat' dir='ltr'>lau-</span> 
     </span>
     <span class='ocr_line' id='line_1_32' title="bbox 164 4307 1291 4400; baseline -0.002 -24"><span class='ocrx_word' id='word_1_213' title='bbox 164 4307 292 4390; x_wconf 85' lang='lat' dir='ltr'>dantes,</span> <span class='ocrx_word' id='word_1_214' title='bbox 309 4317 507 4377; x_wconf 89' lang='lat' dir='ltr'>oumnostro</span> <span class='ocrx_word' id='word_1_215' title='bbox 534 4309 680 4378; x_wconf 78' lang='lat' dir='ltr'>Consilio</span> <span class='ocrx_word' id='word_1_216' title='bbox 705 4315 911 4400; x_wconf 84' lang='lat' dir='ltr'>Rogatorum</span> <span class='ocrx_word' id='word_1_217' title='bbox 937 4315 1028 4380; x_wconf 85' lang='lat' dir='ltr'>vobis</span> <span class='ocrx_word' id='word_1_218' title='bbox 1053 4314 1291 4398; x_wconf 77' lang='lat' dir='ltr'>respondemus</span> 
     </span>
     <span class='ocr_line' id='line_1_33' title="bbox 165 4417 1293 4506; baseline 0 -23"><span class='ocrx_word' id='word_1_219' title='bbox 165 4417 254 4501; x_wconf 90' lang='lat' dir='ltr'>quod</span> <span class='ocrx_word' id='word_1_220' title='bbox 279 4417 376 4485; x_wconf 86' lang='lat' dir='ltr'>solite</span> <span class='ocrx_word' id='word_1_221' title='bbox 400 4417 575 4504; x_wconf 85' lang='lat' dir='ltr'>prudentia</span> <span class='ocrx_word' id='word_1_222' title='bbox 600 4421 863 4506; x_wconf 88' lang='lat' dir='ltr'>dexteritateque</span> <span class='ocrx_word' id='word_1_223' title='bbox 899 4430 1014 4504; x_wconf 88' lang='lat' dir='ltr'>vestra,</span> <span class='ocrx_word' id='word_1_224' title='bbox 1050 4423 1141 4489; x_wconf 84' lang='lat' dir='ltr'>salva</span> <span class='ocrx_word' id='word_1_225' title='bbox 1166 4441 1293 4504; x_wconf 88' lang='lat' dir='ltr'>semper</span> 
     </span>
     <span class='ocr_line' id='line_1_34' title="bbox 165 4525 1292 4626; baseline 0.009 -32"><span class='ocrx_word' id='word_1_226' title='bbox 165 4525 331 4620; x_wconf 80' lang='lat' dir='ltr'>dignitate</span> <span class='ocrx_word' id='word_1_227' title='bbox 346 4527 516 4600; x_wconf 89' lang='lat' dir='ltr'>ethonore</span> <span class='ocrx_word' id='word_1_228' title='bbox 531 4527 635 4604; x_wconf 89' lang='lat' dir='ltr'>nostri</span> <span class='ocrx_word' id='word_1_229' title='bbox 650 4529 806 4626; x_wconf 77' lang='lat' dir='ltr'>Dominij,</span> <span class='ocrx_word' id='word_1_230' title='bbox 823 4552 939 4598; x_wconf 87' lang='lat' dir='ltr'>curare</span> <span class='ocrx_word' id='word_1_231' title='bbox 966 4530 1112 4602; x_wconf 84' lang='lat' dir='ltr'>debeatis</span> <span class='ocrx_word' id='word_1_232' title='bbox 1138 4531 1180 4601; x_wconf 89' lang='lat' dir='ltr'>de</span> <span class='ocrx_word' id='word_1_233' title='bbox 1206 4553 1292 4604; x_wconf 78' lang='lat' dir='ltr'>oom-</span> 
     </span>
    </p>
   </div>
   <div class='ocr_carea' id='block_1_9' title="bbox 0 0 1686 5266">
    <p class='ocr_par' dir='ltr' id='par_1_14' title="bbox 0 0 1686 5266">
     <span class='ocr_line' id='line_1_35' title="bbox 0 0 1686 5266; baseline 0 0"><span class='ocrx_word' id='word_1_234' title='bbox 0 0 1686 5266; x_wconf 95' lang='lat' dir='ltr'> </span> 
     </span>
    </p>
   </div>
  </div>
 </body>
</html>
