3356 5266
348 423 414 484 lso
703 430 938 478 nmmum
953 417 1120 474 mmm

342 597 420 678 lmn⁷
437 595 512 678 qnid
529 592 604 658 bine
623 595 714 675 serpit
732 607 839 676 posset
856 614 896 656 ex
913 592 1078 654 vicinitate
1096 588 1288 668 'lurcorum
1309 593 1343 652 et
1364 585 1475 670 dispo·

344 709 461 773 titione
485 703 648 768 dimotum
673 699 899 766 Domitiorum
924 702 979 782 qni
1005 701 1123 783 potins
1151 718 1250 778 qnam
1274 699 1474 778 occupentur

344 815 418 882 loco
432 833 492 881 sue
507 811 552 877 ab
566 810 745 894 Rogare
760 830 799 874 ea
816 809 941 874 dabunt
957 807 1084 873 Turris.
1099 805 1142 870 Et
1158 827 1197 871 ee
1214 807 1386 871 verborum
1405 802 1474 867 effi-

344 923 445 1002 cacia,
469 943 531 1006 que
557 941 680 984 summe
706 920 867 1003 sapientie
883 918 923 983 B.
938 917 1003 984 Sne
1020 917 1190 994 uidebitur²
1210 936 1283 980 cnm
1297 913 1475 996 Maiestate

345 1031 474 1118 prelata
488 1051 586 1114 egere
601 1038 636 1094 et
653 1029 793 1096 seribere
808 1029 843 1092 in
858 1026 1173 1092 commendationem
1186 1023 1346 1088 dictorum
1363 1019 1477 1086 Domi·

345 1161 470 1222 nomm,
487 1152 520 1204 et
536 1139 623 1204 enim
638 1137 784 1202 remedio
800 1157 882 1219 opus
906 1146 965 1216 est,
990 1134 1114 1200 efficax
1130 1143 1163 1198 et
1179 1140 1395 1216 presentsnes
1409 1149 1477 1193 me·

345 1247 455 1316 dicine
471 1256 522 1314 est
536 1244 734 1326 adhibenda
750 1268 791 1310 ne
807 1243 917 1326 Turni,
932 1247 988 1327 qni
1004 1253 1037 1308 et
1054 1245 1150 1306 vicini
1166 1252 1240 1306 sunt
1256 1249 1289 1304 et
1306 1239 1477 1304 dmsensio

345 1359 439 1426 nibus
455 1355 708 1423 christianornm
726 1356 866 1433 aluntur,
892 1354 933 1418 de
960 1351 1067 1417 medic
1090 1352 1230 1435 rapiant,
1245 1370 1318 1415 cum
1333 1345 1476 1433 pernicie

345 1475 378 1532 et
393 1469 489 1532 ruins
505 1485 612 1530 rernm
628 1463 892 1529 christianarum.

451 1591 613 1674 Departe
704 1625 747 1635 -
797 1593 870 1654 137.

454 1699 506 1765 De
522 1719 588 1763 non
706 1737 750 1748 -
841 1702 871 1762 2

454 1806 532 1874 Non
548 1807 665 1874 sinceri
708 1843 751 1854 -
842 1810 872 1870 0.

455 1972 610 2034 mamas
623 1972 803 2034 nomnen„
814 1969 1017 2020 censemus
1031 1970 1141 2018 sense
1154 1967 1200 2017 ne
1212 1968 1314 2018 semo
1326 1981 1354 2029 p.
1367 1970 1422 2026 ee.)

877 2389 951 2450 102.

349 2571 446 2635 1469.
471 2567 501 2634 Α
528 2567 680 2633 vebum·
705 2565 920 2632 dllomtooda
946 2563 1080 2629 Mictiet
1106 2563 1228 2629 Miletos
1258 2563 1362 2629 tonas
1391 2562 1478 2628 attat

349 2677 499 2744 monost
514 2675 689 2742 enectos
705 2701 727 2738 o
742 2677 832 2759 κηρὶ
847 2673 963 2758 pro'solt
979 2671 1216 2759 epyde'rte'se'rdl
1239 2673 1273 2735 ds
1288 2671 1372 2758 Zenp
1387 2676 1481 2735 udro-

347 2787 454 2852 sdmak
469 2783 784 2872 vismfoplaldsdro
798 2784 923 2847 inte'zdt
939 2781 1057 2866 erdpes
1073 2780 1331 2860 koszsloeikrot,
1346 2779 1479 2844 eutnek

346 2895 427 2960 hodi
442 2891 601 2959 uzo-ekko
617 2887 968 2978 seqe'lyeze'se't'rendeli,
984 2914 1000 2953 e
1016 2914 1038 2952 a
1056 2912 1201 2976 mopyar
1219 2888 1390 2974 kirotynctt
1408 2887 1480 2953 ltiiz-

761 2999 950 3085 dcnjdrdsctt
964 3001 1057 3081 iqe'ri.

347 3175 691 3248 MOOOOLXVIIH.
709 3177 761 3244 die
775 3175 954 3245 XXVIII.
971 3175 1176 3243 Novembris

458 3303 518 3372 Ser
534 3304 674 3372 Nicoleo
699 3305 844 3373 Michael
869 3305 1017 3387 Doctori,
1042 3304 1179 3374 Oratori
1196 3311 1228 3370 et
1251 3303 1421 3372 Provisori
1440 3306 1484 3370 ad

352 3421 464 3500 partes
480 3411 595 3497 Segne.

460 3523 542 3590 Post
558 3524 690 3588 litteras
705 3529 843 3604 vestros,
859 3544 918 3606 per
934 3545 1015 3605 ques
1032 3523 1125 3588 nobis
1141 3521 1321 3588 denotastis
1338 3524 1484 3607 magnis

352 3631 475 3697 nimum
499 3629 750 3714 Magnificorum
778 3627 993 3696 Dominorum
1019 3627 1183 3696 Comitum
1209 3629 1324 3714 Segne,
1351 3652 1485 3715 supero-

350 3739 393 3804 tis
408 3747 442 3804 et
457 3737 580 3822 lugetis
596 3737 743 3805 hostibus
760 3739 836 3820 suis,
846 3738 972 3804 reddite
988 3738 1083 3803 nobis
1099 3737 1233 3804 fuerunt
1248 3745 1355 3804 vestre
1370 3739 1483 3804 littere

352 3847 404 3912 die
421 3845 522 3912 XXI.
539 3848 659 3912 mensis
683 3848 851 3929 presentie,
877 3868 917 3911 ex
943 3845 1060 3930 quibus
1084 3848 1300 3913 intelleximus
1327 3855 1359 3912 et
1383 3847 1484 3933 Alcy-

351 3955 432 4020 sium
449 3953 605 4022 Manente
622 3952 864 4021 cancellarium
880 3962 1023 4020 vestrum
1038 3958 1225 4038 pervenisse
1251 3955 1294 4021 ed
1320 3977 1386 4038 vos,
1401 3964 1435 4022 et
1449 3957 1484 4021 in

350 4063 574 4130 executionem
590 4063 819 4129 mendatorum
835 4070 1020 4130 nostrorum
1045 4085 1100 4129 vos
1125 4064 1224 4130 fuisse
1250 4087 1321 4130 oum
1347 4065 1483 4148 pretatis

350 4169 511 4255 Dominis,
537 4191 656 4258 eosque
673 4173 857 4238 convenisse
877 4171 985 4237 unitos
1001 4179 1035 4238 et
1049 4173 1228 4240 concordes
1244 4173 1353 4238 animo
1370 4182 1404 4239 et
1420 4173 1483 4237 dis-

350 4281 510 4364 positione
529 4281 710 4365 exponendi
726 4283 826 4347 vitem
851 4302 910 4365 pro
935 4283 1182 4364 recuperatione
1208 4281 1352 4346 civitatis
1377 4279 1483 4365 Segne

351 4393 385 4453 et
402 4395 461 4454 ect.
478 4387 574 4454 Enim
591 4410 665 4454 vero
682 4395 821 4473 utraque
837 4389 1070 4473 significatione
1086 4393 1227 4458 maxime
1243 4391 1338 4456 letati
1362 4411 1483 4472 sumus,

351 4503 559 4582 vestramque
576 4495 779 4580 diligentium
795 4519 867 4563 cum
884 4503 998 4563 nostro
1016 4495 1161 4566 Consilio
1177 4499 1382 4581 Rogetorum
1398 4519 1484 4563 eom-

351 4604 558 4684 mendsmus3
597 4626 672 4670 nem
710 4626 836 4672 omnem
870 4608 1121 4692 prosperitatem
1157 4601 1480 4691 Magnificenoierum
