3334 5276
665 277 780 367 '14sn
1102 276 1105 294 '
1254 303 1297 378 ss

156 501 240 563 mus,
257 481 405 565 nihilque
421 479 724 562 pretermiserimus,
742 490 800 546 nec
810 481 938 548 inhano
955 501 1059 563 usque
1073 480 1158 544 diem
1174 464 1297 562 preter-

155 591 337 671 mittamus,
349 589 434 673 quod
446 587 615 654 nobiseum
631 608 665 652 se
675 588 842 656 refirmare
852 589 937 670 velit,
949 610 1012 653 non
1023 593 1133 653 tamen
1144 587 1207 652 fuit
1223 589 1296 652 hac·

154 704 253 762 tenus
271 698 394 778 modus,
411 698 496 780 quod
513 697 546 761 id
563 697 668 761 facere
680 699 827 778 voluerit,
845 699 1007 780 quomodo
1019 697 1297 763 constansasserit

156 828 192 870 se
210 806 347 870 liberum
365 827 433 870 esse
450 805 539 870 velle.
556 808 677 872 Nostra
695 827 769 870 vero
780 807 947 872 facultatis
963 826 1029 871 non
1047 813 1097 871 est
1112 804 1231 869 invicto
1248 827 1296 887 eo,

155 936 256 998 posse
273 923 473 997 eumtenere,
484 915 620 978 attentis
638 915 777 979 maxime
794 913 1036 980 conditionibus
1048 914 1122 994 suis,
1133 913 1296 997 quomodo
1322 961 1330 978 i

156 1044 218 1087 nec
234 1029 329 1107 pater
344 1023 447 1088 filium
463 1031 575 1106 preter
586 1021 668 1086 velle
685 1044 778 1088 suum
795 1029 903 1088 tenere
920 1029 1037 1106 potest.
1051 1021 1117 1089 Sed
1132 1021 1296 1104 vellemus,

156 1130 305 1196 dicerent
314 1132 416 1212 nobis,
427 1132 483 1215 qui
494 1153 552 1196 nos
564 1135 831 1214 accusant,quare
843 1135 1033 1213 potentatus
1039 1127 1139 1196 Italie
1149 1135 1295 1195 cessante

13 1303 15 1320 ,
62 1321 69 1328 1
157 1241 248 1305 omui
268 1239 446 1324 suspitione
464 1245 497 1305 et
507 1245 633 1304 terrore
649 1237 769 1322 prefati
786 1238 958 1322 Capitanei
975 1238 1036 1303 hoc
1046 1238 1205 1322 superiori
1215 1245 1293 1301 tem·

156 1345 1294 1431 pore,quofuimusimplicitibelloistoTru-chorumquicquamnobis

157 1455 280 1521 favoris
297 1456 482 1540 impendere
508 1476 673 1538 nunquam
699 1455 879 1536 voluerunt,
904 1455 982 1519 licet
1015 1475 1124 1521 eorum
1148 1453 1293 1518 subsidia

156 1563 309 1628 maximis
319 1563 484 1646 instantijs
496 1583 707 1646 sepenumero
720 1562 1113 1644 quesiverimusFavores
1125 1559 1294 1644 siquidem,

157 1671 1293 1758 quosnobisinhaccausadei,n0nnulliipsorumpotentatuumltalie

157 1781 383 1844 contulerunt:
400 1778 539 1859 luerunt,
556 1779 641 1862 quod
659 1779 784 1844 Tuscus
795 1779 959 1862 victualia,
976 1780 1182 1860 munitiones,
1200 1802 1293 1846 arma

156 1887 264 1950 omnis
280 1887 376 1952 sortis
391 1893 423 1950 et
439 1891 619 1971 apparatus
643 1885 763 1951 multos
780 1908 839 1969 pro
868 1887 971 1952 classe
998 1888 1164 1954 maritima
1191 1887 1293 1952 tradi-

157 1993 279 2059 derunt
294 2000 326 2058 et
341 1997 486 2079 tradunt,
512 1998 545 2060 in
568 1995 746 2079 perniciem
772 2003 920 2060 nostram
945 2002 978 2061 et
1003 1995 1164 2060 excidium
1191 1997 1293 2060 chris-

155 2103 249 2166 tiane
273 2102 450 2186 religionis.
476 2103 669 2188 Intelligunt
685 2105 795 2186 itaque
819 2101 1067 2188 Magnificentia
1092 2110 1124 2168 et
1140 2103 1292 2168 Paterni·

155 2216 210 2274 tas
228 2208 294 2275 Sue
308 2210 526 2294 justissimam,
542 2232 674 2276 causam
692 2217 835 2276 nostram
852 2217 886 2275 et
903 2211 928 2276 si
943 2211 1018 2294 jure
1043 2217 1100 2275 ant
1119 2211 1292 2277 honestate

157 2315 228 2381 ulla
252 2319 398 2383 accusari
413 2340 589 2402 possumus,
614 2326 645 2382 et
664 2320 688 2382 si
707 2319 763 2401 qui
779 2324 863 2398 sunt,
880 2321 937 2402 qui
953 2320 1166 2402 suspitionem
1189 2320 1291 2402 ipsius

157 2421 334 2507 Capitonei
352 2425 434 2490 forte
459 2429 522 2490 non
550 2433 670 2506 carent,
697 2448 769 2490 cum
795 2425 878 2490 liber
903 2427 955 2506 sit,
978 2431 1156 2509 potuerunt
1172 2433 1205 2490 et
1220 2449 1292 2510 pos-

156 2538 235 2595 sunt
260 2555 312 2596 res
339 2555 413 2599 suas
439 2557 509 2598 cum
535 2556 572 2598 eo
598 2535 680 2599 bene
706 2553 906 2617 componere.
935 2531 985 2597 De
1013 2530 1197 2599 Sanctitate
1216 2557 1291 2600 vero

156 2639 330 2706 Pontificis
346 2643 489 2725 maximi,
505 2643 586 2707 nihil
603 2641 746 2723 dicimus
773 2640 934 2726 quomodo
961 2662 1000 2706 ex
1024 2641 1085 2724 his,
1111 2662 1173 2723 qne
1199 2643 1291 2708 nobis

155 2748 221 2813 dici
238 2747 317 2813 fecit
333 2749 419 2814 idem
434 2749 643 2834 Capitaneus,
667 2757 727 2830 est,
745 2770 877 2834 esseque
893 2749 1036 2834 disponit
1051 2749 1186 2815 devotus
1203 2751 1288 2815 filius

155 2855 380 2922 Beatitudinis
397 2855 471 2938 Sue,
488 2867 521 2923 et
547 2858 679 2923 ecclesie
704 2865 816 2923 sancte
840 2859 1071 2942 paratissimus
1092 2859 1159 2923 suis
1176 2881 1291 2942 parere

154 2965 329 3029 mandatis.
355 2965 500 3033 Possunt
524 2968 636 3048 itaque
653 2964 901 3050 Magnificentia
932 2973 965 3031 et
990 2965 1183 3031 Paternitas
1216 2963 1291 3050 Suc,

154 3075 238 3138 sicut
256 3073 396 3137 diximus
413 3074 455 3139 ad
471 3080 679 3157 conspectum
703 3073 896 3140 sanctitatis
922 3073 987 3140 Sue
1011 3072 1096 3139 bono
1122 3075 1231 3138 animo
1258 3095 1291 3139 se

153 3179 344 3265 transferre,
368 3183 530 3264 quomodo
556 3205 615 3266 pro
642 3205 700 3248 sua
726 3183 870 3248 naturali
902 3183 1076 3248 clementia
1106 3187 1139 3246 et
1154 3183 1288 3264 pietate,

152 3310 282 3374 proque
315 3311 432 3372 magno
449 3289 610 3356 desiderio
636 3313 703 3370 suo,
728 3291 762 3355 in
788 3291 927 3356 salutem
943 3297 976 3355 et
992 3289 1128 3355 comoda
1148 3290 1288 3355 nominis

152 3398 328 3463 christiani
354 3419 419 3464 non
444 3399 640 3481 dubitamus,
666 3401 832 3466 invenient
857 3421 928 3466 eam
954 3398 1235 3479 studiosissimam,
1258 3405 1291 3464 et

151 3507 280 3590 optima
297 3512 405 3572 mente
421 3507 623 3592 dispositam.

261 3613 334 3680 Hec
349 3620 457 3680 antem
474 3615 661 3682 deliberatis
678 3622 799 3698 nostra,
816 3617 872 3681 ubi
896 3637 977 3700 opus
994 3616 1037 3681 sit
1058 3615 1232 3698 justificari
1258 3621 1289 3680 et

151 3725 331 3790 honestare
347 3723 473 3807 debeat,
489 3727 574 3790 sicut
591 3725 738 3809 Collegio
755 3724 927 3791 videbitur.

264 3831 309 3916 ΔΓ
357 3837 421 3899 164
467 3869 510 3881 -
559 3837 577 3898 a
626 3876 669 3884 -
715 3842 744 3900 ο.

266 3997 424 4059 (Velenczei
436 3997 616 4064 tilamktnyv
629 4003 673 4051 40.
685 4001 716 4064 l.)

642 4235 802 4250 a-——r-
