3334 5276
674 329 769 398 uer.
826 302 828 314 '
1249 330 1287 399 ar

149 509 269 576 nicare.
287 511 470 596 Postquam
487 512 648 595 superiori
663 519 810 596 tempore
825 514 1048 578 nunciavimus
1058 511 1177 580 Vestra
1195 511 1290 579 Sere·

152 620 252 684 nitati
269 621 406 686 diversis
423 622 539 706 medijs
565 643 622 686 nos
647 622 826 703 requisitos
851 620 951 687 fuisse
977 623 1017 686 de
1042 621 1195 688 habenda
1210 642 1289 705 pace

152 749 227 792 cum
245 730 364 813 Turne,
379 732 512 813 cognita
529 751 626 813 super
642 729 704 794 hoc
721 738 828 794 niente
845 729 949 816 Regie
967 725 1154 816 MaJ‘estatis
1171 730 1289 800 Vestra

152 845 221 902 tam
238 840 326 903 circa
341 859 464 921 pacem,
490 859 587 920 quam
613 840 700 903 circe
725 838 937 920 sufferentiae,
962 863 1026 906 uon
1042 842 1184 906 alienum
1201 863 1221 905 a
1238 861 1287 905 co-

151 947 243 1013 muni
260 949 343 1012 bono
360 968 428 1013 esse
454 949 639 1030 putarimus
664 969 723 1030 per
749 946 911 1014 Nuntium
936 956 1085 1014 nostrum
1110 949 1149 1014 de
1174 970 1210 1013 re
1226 950 1289 1012 ista

150 1077 212 1140 pro
230 1053 432 1124 Oelsitudine
449 1054 570 1121 Vestra
587 1061 619 1120 et
634 1077 693 1139 pro
710 1055 804 1122 nobis
821 1057 910 1121 unite
934 1058 1056 1122 tentari
1081 1057 1188 1122 facere
1206 1055 1287 1121 'Pur-

153 1186 224 1230 cam
241 1167 365 1248 ipsum;
393 1165 451 1230 sed
468 1187 540 1228 cum
558 1164 697 1230 insolens
713 1164 819 1230 hostis
834 1166 896 1229 iste
913 1172 1138 1230 consuetarum
1158 1165 1289 1246 artium,

149 1271 368 1357 fraudumque
386 1295 516 1338 suarum
527 1294 591 1338 non
601 1273 644 1336 sit
659 1271 789 1352 oblitus,
804 1278 875 1337 tum
891 1273 989 1339 etiam
1006 1263 1103 1357 duod,
1120 1295 1191 1338 cum
1207 1272 1285 1337 solis

150 1380 246 1446 nobis
271 1388 304 1446 et
329 1403 392 1446 non
418 1383 508 1447 unite
533 1381 739 1447 concordiam
764 1381 935 1446 voluisset:
972 1405 1024 1446 res
1055 1382 1127 1464 ipsa
1159 1380 1286 1445 nullum

151 1487 303 1554 effectum
321 1491 440 1553 sortita
457 1495 514 1554 est.
526 1487 681 1554 Subdidit
697 1489 930 1572 quoque,quod
947 1489 974 1552 si
990 1489 1151 1572 Majestas
1162 1487 1286 1556 Vestra

151 1619 226 1662 cum
252 1618 290 1661 eo
315 1617 427 1679 pacem
452 1596 573 1661 habere
598 1597 764 1676 voluisset,
790 1593 965 1661 Oratorem
992 1616 1086 1661 suum
1117 1617 1175 1680 per
1200 1598 1287 1662 viam

150 1711 239 1769 terre
265 1703 306 1767 nd
332 1705 401 1788 ejus
426 1705 626 1788 presentiam
653 1705 781 1768 mittere
806 1704 975 1786 potuisset,
1001 1705 1056 1786 qui
1088 1705 1183 1770 simul
1214 1726 1287 1770 cum

151 1819 268 1878 nostro
285 1815 494 1890 convenisset,
505 1833 561 1876 seu
576 1813 608 1876 in
626 1811 772 1878 futurum
785 1811 915 1876 mittere
934 1818 1051 1894 posset.
1069 1808 1157 1894 Quid
1175 1818 1286 1877 autem

152 1943 259 2004 nuper
274 1920 500 2003 acceperimus
517 1927 574 2002 est,
591 1919 678 2002 quod
695 1921 784 1984 omui
799 1919 907 1984 studio
926 1926 1092 2002 potentem
1108 1921 1285 1986 exercitum

148 2034 341 2094 terrestrem
359 2029 556 2112 classemque
567 2029 763 2092 maritimam
773 2033 880 2110 parat,
890 2034 927 2092 ut
943 2028 1157 2094 christianum
1170 2049 1286 2094 nomeu

149 2138 338 2203 subuertere
355 2143 502 2202 conatur.
519 2138 597 2217 Noe,
608 2137 664 2218 qui
681 2141 731 2200 tot
748 2141 904 2219 aparatus
922 2135 1198 2218 magnifaciendos
1216 2159 1286 2202 esse

148 2245 361 2326 arbitramur,
385 2251 531 2327 exparte
557 2251 672 2309 nostra
695 2265 826 2326 operam
852 2243 1070 2312 omnimodam
1095 2245 1286 2311 adhibemus

146 2355 337 2418 instaurare
354 2353 490 2416 classem
514 2359 660 2417 nostram
687 2353 874 2417 triremibus
894 2354 1031 2418 navibus
1056 2354 1195 2437 alijsque
1211 2376 1287 2436 gen·

148 2461 241 2526 tibus
258 2467 290 2523 et
305 2459 457 2543 presidijs
473 2464 563 2523 terra
576 2460 730 2542 marique,
742 2467 777 2523 ut
792 2481 851 2544 pro
868 2466 991 2541 quanto
1007 2461 1090 2525 vires
1107 2461 1276 2543 patiantur

145 2579 271 2648 nostre,
287 2574 421 2632 conatus
436 2566 557 2650 perfidi
570 2567 671 2632 hostis
688 2567 721 2630 in
738 2549 897 2632 excidium
921 2567 1036 2631 christi
1051 2566 1196 2634 fidelium
1213 2591 1285 2634 con-

146 2678 252 2742 tineri
282 2676 417 2759 possint.
437 2673 567 2742 'Verum
594 2677 655 2740 etsi
680 2675 932 2759 persuadeamus
959 2675 1052 2766 nobis
1070 2677 1285 2761 Majestatem

146 2784 307 2851 Vestram
338 2783 477 2850 antebac
517 2783 556 2848 de
587 2785 802 2868 apparatibus
841 2785 914 2849 istis
946 2785 1119 2852 certiorem
1158 2785 1281 2850 factam

146 2898 332 2977 opportune
358 2891 545 2974 providisse,
570 2892 653 2956 sicut
678 2892 852 2958 catolicum
876 2893 1055 2976 principem
1083 2893 1194 2974 decet3
1220 2915 1284 2978 quo

146 3011 260 3067 tamen
277 3002 394 3085 majori
409 3021 580 3084 possumus
606 3001 713 3066 studio
739 3005 866 3065 oratam
891 3021 962 3065 eam
982 3003 1224 3086 essevolumus,
1247 3009 1284 3068 ut

146 3132 211 3194 pro
228 3111 293 3174 suis
310 3108 432 3172 viribus
450 3117 482 3174 et
498 3111 617 3173 virtute
642 3109 796 3174 adversus
821 3128 991 3174 comunem
1006 3105 1134 3176 hostem
1150 3133 1285 3194 magna·

148 3222 238 3285 nime
254 3217 432 3301 procedere
449 3218 534 3282 velit.

258 3323 465 3392 Instituimus
491 3323 581 3390 brevi
613 3327 742 3390 mittere
768 3323 945 3391 Oratorem
971 3332 1118 3392 nostrum
1145 3327 1187 3392 nd
1214 3349 1285 3411 pre·

147 3434 293 3500 sentiam
309 3433 498 3515 Majestatis
515 3431 645 3512 Vestro,
662 3433 838 3516 quamcito
855 3432 1006 3516 expedire
1023 3433 1217 3501 curabimus·

258 3539 383 3608 Verum
400 3561 439 3604 ex
455 3561 540 3605 nunc
568 3546 698 3624 captum
726 3541 776 3621 sit,
803 3539 889 3623 quod
915 3541 1055 3623 eligatur
1080 3542 1118 3605 do
1141 3545 1284 3626 presenti

146 3671 209 3734 per
225 3649 427 3732 scriptinium
443 3647 475 3711 in
493 3648 554 3714 isto
571 3645 718 3712 Consilio
734 3668 816 3712 unus
834 3645 958 3714 Orator
974 3655 1085 3714 noster
1111 3650 1153 3714 ad
1178 3652 1252 3735 pres
1273 3691 1285 3702 -

147 3765 221 3824 tum
237 3757 490 3826 Serenissimum
507 3756 633 3840 Regem
650 3763 683 3821 et
699 3763 758 3821 ect.

263 3866 308 3930 nt
324 3865 387 3930 suit
403 3865 526 3931 electus
544 3862 615 3930 Ser.
630 3865 827 3932 Franciscus
843 3865 950 3933 Dicdo
968 3869 1104 3933 Ductor.

265 3985 296 4046 †
353 3976 414 4038 127
464 4013 508 4023 -·—
555 3981 575 4039 0
622 4013 665 4022 -
715 3980 741 4037 l.

149 4187 188 4258 O.
207 4189 259 4256 die
275 4185 324 4257 ΙΙ.
339 4189 468 4274 Aprilis
488 4195 583 4257 1467.

148 4299 277 4398 Filipus
288 4300 426 4365 Foscari
437 4300 576 4384 Sapiens
588 4299 741 4384 Ocnsilij'
791 4297 887 4383 Quod
903 4302 1104 4386 supersederi
1122 4324 1181 4387 pro
1198 4323 1283 4367 nunc
1360 4333 1361 4338 ¹

488 4393 740 4400 *a——u—

147 4393 268 4474 debeat
278 4409 393 4474 electio
404 4416 437 4473 et
446 4411 557 4474 missio
569 4407 720 4474 Oratorie
730 4410 834 4474 nostri
844 4410 886 4474 ad
898 4409 1144 4476 Serenissimurn
1155 4411 1282 4494 Regem

148 4515 329 4599 Hungerie,
358 4536 469 4581 verum
500 4517 633 4598 erbis,
660 4538 721 4600 que
756 4519 1029 4599 inpresentiarum
1054 4525 1229 4586 occurrunt
1252 4527 1283 4582 et

1143 4627 1176 4690 4*
