3340 5260
382 291 450 368 160
486 357 489 368 ,
733 305 965 366 0000000001
982 308 1149 366 00000οκ.

378 485 487 545 turcos
504 486 537 545 et
554 480 588 546 in
604 487 709 546 terrae
726 481 871 564 ipsorum
888 480 996 546 medio
1019 480 1082 546 hoc
1103 486 1261 565 tempore,
1277 481 1333 564 qui
1350 501 1423 546 cum
1439 480 1510 563 1000

378 586 553 653 Hassanbe
569 589 790 673 occupabitur,
805 593 950 672 stragem
966 595 999 654 et
1015 588 1268 655 dessolationem
1284 609 1342 653 000
1358 585 1511 669 facturos,

377 695 466 778 quod
482 695 684 780 temporibus
694 692 1009 762 nostrisObiatianis
1024 717 1089 761 non
1099 696 1238 762 multum
1254 693 1353 762 fuerit
1369 703 1512 762 metuen-

377 803 446 867 dus.
462 802 622 868 Feliciter
636 824 734 886 agere
760 804 906 887 cupimus
922 803 1183 870 Fraternitntem
1201 804 1367 872 Vestram.
1385 801 1512 868 Datum

376 910 471 976 Bude
498 913 595 978 8.(110
620 911 711 998 Junij
739 911 840 977 Anno
865 911 945 976 D·ni
971 909 1298 980 Moccoaxxrv.
1321 912 1511 995 Regnorum

377 1027 563 1086 nostrorum
581 1043 666 1087 anno
682 1021 857 1104 Hungarie
873 1027 932 1086 etc.
955 1024 1004 1085 17.
1021 1019 1180 1088 Bobemie
1195 1041 1271 1087 vcro
1289 1028 1318 1087 6.

484 1164 525 1229 In
542 1165 645 1230 simile
670 1165 775 1230 forma
800 1165 956 1249 scriptum
982 1173 1032 1232 est
1058 1173 1092 1230 et
1116 1163 1207 1230 D-no
1232 1165 1430 1249 Imperatori
1454 1185 1512 1248 per

377 1269 502 1336 Duum
520 1270 643 1356 Regem
661 1279 819 1338 nostrum.

483 1469 611 1531 (11110001
624 1470 787 1534 tilamltrtr).

867 1650 1026 1660 m

909 1959 982 2022 180.

383 2135 479 2202 1474·
497 2133 607 2222 (78.?)
634 2138 723 2223 Grdf
745 2138 946 2225 Fraoqepo'a
973 2139 1084 2202 Ietvdn
1110 2137 1267 2202 Marcello
1284 2139 1412 2205 Fectio
1439 2159 1511 2202 rar·

428 2249 529 2333 00001
545 2247 717 2334 1000110001
734 2272 755 2310 (ι
772 2248 864 2311 turok
881 2247 964 2310 (11101
981 2247 1099 2311 01000011
1115 2247 1267 2311 kdrokrdt
1284 2248 1457 2330 tuddm'tja

486 2421 683 2507 Spectabilis
707 2443 741 2490 et
764 2445 918 2508 generose
943 2421 1015 2504 Vir,
1031 2424 1148 2490 Amice
1174 2431 1284 2490 noster
1309 2423 1511 2490 honorande.

377 2531 442 2596 Per
457 2532 605 2597 advisere
622 2531 662 2596 de
682 2533 738 2616 piu
765 2539 854 2598 certe
879 2554 960 2598 nove
987 2531 1142 2598 habiamo
1167 2539 1320 2598 retenuto
1345 2532 1378 2598 al
1400 2538 1510 2597 vostro

376 2639 466 2704 10010
492 2640 537 2705 fin
562 2642 653 2722 hora,
679 2640 809 2724 quando
835 2642 987 2708 habiamo
1006 2643 1147 2708 ricevute
1174 2643 1293 2707 lettere
1318 2641 1373 2706 dal
1398 2647 1510 2705 nostro

377 2744 558 2830 Capitaneo
574 2747 614 2812 de
629 2747 814 2830 Dobovazc,
832 2750 861 2813 el
878 2749 974 2832 quale
992 2771 1032 2814 ne
1048 2749 1143 2831 ariae,
1153 2771 1245 2814 corno
1261 2749 1369 2833 questi
1380 2747 1511 2830 Turcbi,

376 2855 387 2920 i
403 2855 492 2938 quali
509 2877 587 2920 sono
604 2857 682 2920 stati
698 2858 842 2921 exercito
860 2858 900 2923 de
916 2857 1027 2922 circha
1043 2855 1134 2924 VIII
1150 2857 1243 2922 milla
1266 2857 1398 2936 bomini,
1415 2875 1509 2922 coreo

380 2961 420 3026 de
436 2961 469 3026 la
485 2962 562 3026 (1010
579 2961 665 3028 Sava
681 2963 747 3028 tina
771 2987 792 3030 a
807 2963 949 3029 Petouia
975 2986 996 3030 a
1011 2961 1198 3032 Varasdino
1224 2963 1510 3048 aCopreven'zea

375 3067 568 3135 Racbonam
585 3092 606 3136 a
622 3068 792 3137 Grixeviza
807 3071 897 3154 logbi
922 3078 1016 3156 parte
1037 3071 1123 3138 dello
1140 3072 1344 3156 Imperatore
1367 3079 1401 3138 01
1416 3078 1509 3157 parte

377 3177 464 3244 della
495 3201 616 3246 corona
642 3182 681 3246 de
712 3179 891 3264 Ungberia,
916 3182 977 3247 obe
1003 3184 1021 3248 e
1046 3189 1133 3249 stato
1158 3184 1222 3248 mio
1249 3183 1382 3248 circoito
1408 3180 1510 3246 molto

375 3287 508 3370 grande,
525 3295 557 3353 et
574 3289 682 3354 hanno
706 3289 794 3354 10010
820 3311 884 3354 000
909 3290 1013 3373 preda
1038 3289 1078 3354 dc
1103 3291 1226 3354 homiui
1251 3296 1285 3354 et
1309 3289 1350 3354 de
1363 3287 1511 3372 jurenoti

376 3395 602 3481 grandissima,
618 3397 787 3462 brusando
805 3404 837 3462 et
852 3398 988 3464 iacendo
1004 3397 1081 3464 altri
1099 3398 1209 3462 damni
1225 3397 1343 3481 grandi
1366 3403 1400 3460 et
1416 3397 1510 3460 mise·

374 3502 480 3569 rabili.
497 3502 703 3570 Domenicba
718 3506 868 3589 proxima
892 3506 994 3586 01000,
1020 3505 1060 3570 (10
1086 3506 1141 3589 qui
1159 3503 1250 3570 dalla
1266 3503 1353 3570 Sava
1376 3523 1510 3588 apicaso

375 3631 438 3676 000
454 3610 526 3678 1000
543 3613 630 3677 (11010
648 3610 781 3695 Goriza,
799 3635 863 3678 non
878 3612 980 3678 molto
996 3612 1131 3678 lontano
1148 3611 1191 3678 da
1207 3611 1384 3676 Dobovazo
1400 3617 1511 3676 nostro

375 3719 520 3802 castello,
538 3727 571 3783 01
596 3742 654 3804 per
669 3719 703 3785 la
719 3720 842 3802 grande
863 3720 966 3805 preda
982 3743 1088 3786 vanno
1109 3720 1208 3786 molto
1234 3719 1360 3799 adasio,
1384 3718 1512 3783 damni·

374 3825 502 3891 ficando
519 3849 577 3910 per
594 3835 689 3908 tutto,
705 3828 786 3894 dove
802 3851 951 3912 possono,
967 3849 1060 3893 como
1077 3830 1094 3892 e
1111 3829 1182 3891 loro
1199 3825 1512 3892 consuetudinebda

375 3953 409 4000 ae
433 3933 498 4000 Dio
523 3957 589 4000 non
614 3935 730 4020 adjuta
755 3937 779 4001 li
804 3938 875 4003 suoi
901 3934 1095 4015 Christiani,
1120 3935 1174 3999 cbi
1200 3956 1264 4000 non
1289 3937 1369 4000 bito
1395 3941 1511 4018 questa

376 4042 490 4107 strada
516 4044 641 4109 andara
660 4046 801 4125 unaltre,
821 4067 879 4129 per
904 4045 999 4109 ruodo
1017 4043 1076 4109 che
1101 4065 1166 4108 non
1191 4043 1365 4108 baveremo
1391 4043 1511 4108 insidia

374 4170 439 4215 uuo
456 4151 489 4214 al
506 4151 599 4218 altro.
616 4190 659 4199 -
676 4153 741 4218 Dio
759 4155 789 4217 ci
806 4153 890 4237 ajuti
907 4175 965 4237 per
981 4173 1040 4216 000
1055 4149 1291 4232 misericordia,
1315 4171 1353 4215 na
1369 4149 1430 4214 che
1446 4173 1511 4234 000

375 4257 484 4322 010001
501 4281 566 4324 000
583 4261 717 4342 volemo,
729 4261 837 4326 alcuni
854 4283 915 4326 000
934 4261 1059 4344 podeno
1077 4259 1348 4344 ajutarei.Prego
1363 4257 1398 4323 la
1414 4257 1455 4327 V.
1467 4256 1511 4339 S,

375 4366 433 4430 obe
450 4366 619 4431 scrivendo
635 4390 656 4432 0
671 4367 819 4448 Venetia,
845 4369 867 4432 li
892 4368 978 4452 piari
1004 4365 1264 4434 ricomnrandare
1288 4365 1511 4430 devotissima-

376 4479 482 4538 mentc
500 4494 520 4537 a
537 4475 646 4556 quella
662 4474 773 4540 Ill-rna
789 4474 943 4558 signoria
969 4485 1001 4540 et
1017 4498 1091 4540 cum
1107 4475 1184 4557 ogni
1204 4493 1350 4556 congrua
1367 4473 1512 4538 0100000-
