3340 5260
384 355 448 421 234
735 363 967 412 nrrnonaozrnr
984 353 1151 412 31131333.

383 531 493 615 quello
509 552 567 614 per
583 534 699 612 questo
716 547 802 592 anno
819 523 929 589 valera
955 546 1045 608 pecc,
1072 535 1334 610 expressamente
1360 530 1514 599 offerisse

385 643 448 705 100
473 637 564 706 milia
579 636 689 702 ducati
716 641 750 702 et
766 657 783 699 e
799 655 857 717 per
873 633 1018 718 suppliro
1033 634 1076 700 ad
1089 641 1205 718 questo
1229 659 1363 702 numero
1389 661 1425 706 se
1450 637 1514 702 ben

381 745 412 811 el
428 747 560 813 doresse
576 744 748 812 diminuire
764 743 795 808 le
813 762 909 826 spexe
925 741 978 807 del
995 764 1053 810 suo
1070 745 1178 810 vivere
1196 745 1272 828 ogni
1288 744 1330 826 di,
1346 752 1379 810 et
1389 751 1510 830 questo

380 877 414 919 se
430 853 454 919 li
469 854 546 922 altri
561 852 725 937 potentati
737 851 896 918 almarico
912 849 947 914 di
966 850 1065 914 ltalia
1080 872 1278 918 concorrano
1295 851 1337 917 ad
1354 853 1430 936 ogni
1448 874 1510 917 soa

381 983 544 1046 possanza
567 962 610 1028 ad
627 965 743 1048 questa
760 957 909 1040 materia,
926 981 966 1024 ne
991 981 1049 1044 por
1074 958 1190 1026 alcuna
1215 966 1324 1043 tempo
1350 959 1393 1024 ha
1419 962 1513 1044 oppi-

381 1071 476 1134 nione
499 1069 540 1134 de
556 1069 736 1152 impanarse
752 1067 793 1131 de
809 1066 926 1130 alcuno
943 1065 1160 1130 emolumento
1175 1064 1215 1131 de
1231 1065 1321 1131 dicta
1337 1067 1451 1148 Lumo,
1469 1091 1512 1132 ne

381 1177 463 1260 vole,
478 1176 538 1242 che
555 1174 741 1260 pervengha
755 1175 789 1238 in
805 1195 864 1240 uso
880 1173 920 1238 de
937 1174 1055 1238 alcuno
1071 1173 1105 1240 di
1122 1174 1170 1238 soi
1187 1173 1232 1238 fin
1248 1173 1291 1238 ad
1317 1180 1420 1257 tanto,
1445 1176 1506 1240 che

386 1289 504 1372 questa
521 1282 613 1348 felice
629 1303 748 1365 guerra
765 1301 829 1345 non
846 1279 946 1347 habia
960 1279 1031 1345 fine.

487 1389 529 1454 111
545 1389 597 1456 Re
613 1388 784 1454 Ferrando
799 1409 964 1472 promesse
980 1387 1159 1471 deajutare
1171 1389 1264 1472 Papa
1280 1389 1342 1454 Pio
1359 1389 1398 1455 de
1413 1396 1511 1473 gente

381 1503 415 1564 et
432 1497 583 1564 victualie
600 1519 679 1581 pare
697 1497 795 1562 debia
811 1495 963 1562 sborsare
979 1492 1088 1561 ducati
1105 1502 1148 1559 80
1166 1496 1262 1561 milia.

488 1605 530 1670 Li
545 1605 730 1686 Venetiani,
746 1605 769 1670 li
786 1604 875 1688 quali
892 1603 980 1668 oltra
995 1604 1029 1669 la
1045 1625 1181 1669 comune
1207 1603 1313 1669 salute
1339 1602 1372 1667 di
1400 1603 1511 1668 Chris-

379 1713 461 1778 tiani
478 1713 660 1779 defendano
675 1713 710 1778 13
726 1733 792 1794 soa,
808 1713 969 1778 haverano
986 1711 1020 1775 13
1044 1719 1173 1776 armata
1198 1715 1231 1776 in
1259 1719 1380 1794 puncto
1407 1735 1427 1776 3
1453 1735 1510 1776 soe

264 1889 267 1894 ,
378 1843 484 1906 spexe,
509 1819 543 1886 13
567 1819 664 1905 quale
688 1819 839 1886 deretera
863 1817 1017 1883 l’inimico
1043 1821 1214 1902 pervenre
1240 1819 1304 1884 alle
1338 1819 1442 1884 rivere
1469 1819 1510 1884 de

380 1927 572 2012 Christiani,
588 1937 621 1995 31
636 1927 753 2013 perche
769 1929 802 1992 in
818 1927 853 1992 la
883 1928 1069 2012 primavera
1086 1935 1220 2011 passata
1237 1929 1326 1994 ultra
1341 1928 1375 1992 13
1400 1948 1508 1992 arma·

379 2043 424 2119 ta,
448 2039 546 2124 quale
570 2038 734 2104 havevano
760 2058 857 2120 spexe
883 2036 960 2101 flate
986 2035 1154 2102 havevano
1179 2037 1327 2120 proferto
1344 2036 1376 2100 al
1394 2057 1508 2120 sopra·
1577 2105 1584 2112 ,

379 2144 467 2211 dicto
483 2145 577 2228 Papa
594 2145 656 2210 Pio
672 2144 712 2209 de
730 2145 809 2210 dare
825 2143 882 2209 alli
899 2145 1027 2226 Ungari
1043 2142 1151 2210 ducati
1172 2150 1214 2208 60
1233 2144 1333 2226 milia,
1363 2167 1397 2209 se
1423 2145 1504 2209 dicti

380 2251 508 2335 Ungari
525 2272 641 2316 sereno
657 2250 778 2335 ajutati
795 2251 856 2315 del’
873 2250 959 2316 altro
976 2257 1088 2330 oanto;
1113 2251 1193 2316 dicti
1220 2251 1393 2316 Venetiaui
1420 2251 1506 2316 deno

378 2379 484 2424 essere
509 2359 660 2442 requisiti
687 2358 729 2422 ad
764 2357 923 2422 conferire
960 2361 1023 2420 100
1049 2356 1140 2423 milia
1173 2357 1295 2440 ducati,
1320 2358 1414 2424 adcio
1446 2361 1507 2425 che

382 2473 497 2550 questo
513 2489 599 2534 anno
615 2467 646 2531 le
662 2488 735 2532 cose
752 2487 890 2550 passeno
907 2465 962 2548 piu
979 2464 1252 2531 ordinatamente.

484 2574 528 2640 El
553 2571 650 2640 Duca
677 2573 710 2638 di
735 2573 871 2654 Milano,
896 2573 993 2657 quale
1008 2573 1132 2638 havera
1148 2580 1335 2657 prometuto
1349 2574 1391 2640 ad
1407 2574 1506 2660 Papa

376 2681 438 2747 Pio
455 2681 600 2766 predicto
616 2703 702 2765 gran
718 2702 854 2746 numero
871 2682 1022 2764 degente
1039 2703 1059 2746 a
1075 2681 1158 2763 pede
1176 2688 1210 2746 et
1219 2682 1357 2762 cavallo,
1368 2683 1507 2747 essendo

377 2791 433 2874 piu
447 2790 529 2856 utile
545 2790 575 2855 el
592 2789 724 2870 denaro,
741 2789 801 2856 che
819 2790 852 2855 la
877 2794 974 2872 gente
991 2809 1071 2872 pare
1088 2810 1185 2872 possa
1205 2791 1366 2854 conserite
1392 2789 1505 2855 ducati

378 2903 420 2961 10
446 2897 547 2963 milia.
573 2898 621 2962 Le
644 2898 770 2962 richere
794 2898 902 2962 fiorite
927 2897 968 2962 do
995 2897 1179 2962 Fiorentini
1206 2919 1329 2981 porano
1356 2898 1437 2963 dare
1460 2899 1505 2964 ad

378 3011 494 3088 questa
509 3013 623 3071 sancta
649 3005 854 3090 expeditione
870 3005 980 3071 ducati
1000 3011 1041 3070 50
1057 3006 1156 3070 milia.

483 3114 527 3181 El
542 3116 638 3181 Duca
652 3114 693 3180 de
710 3115 852 3180 Modeno
869 3117 993 3181 havera
1008 3137 1174 3199 promesse
1199 3117 1231 3181 31
1248 3115 1345 3199 Papa
1360 3113 1423 3180 Pio
1440 3115 1504 3180 doe

376 3221 488 3307 galee;
503 3224 535 3286 in
552 3230 672 3306 puncto
687 3223 751 3290 alle
768 3243 825 3288 soa
841 3244 939 3306 spexe
965 3227 1061 3306 potra
1077 3223 1236 3288 conserire
1252 3224 1361 3288 ducati
1389 3229 1430 3288 30
1447 3223 1507 3287 mi-

375 3329 430 3395 lia.
451 3328 565 3395 Senesi
590 3351 795 3414 promesseno
812 3331 872 3397 doe
898 3331 1000 3413 galee,
1017 3353 1140 3414 porano
1157 3332 1283 3415 ajutare
1309 3337 1425 3414 questa
1451 3351 1505 3395 ex-

376 3436 543 3521 peditione
564 3461 636 3504 cum
652 3439 775 3504 Ducati
796 3443 835 3503 15
852 3439 935 3504 mile.

484 3543 657 3610 Marchese
673 3546 713 3612 de
744 3548 886 3613 Mantua
901 3569 1066 3631 promesse
1082 3569 1149 3613 una
1165 3569 1247 3612 nave
1262 3553 1296 3612 et
1311 3570 1376 3613 una
1398 3546 1506 3631 galea,

378 3651 507 3718 lassata
523 3651 639 3736 quelle,
655 3657 753 3736 potra
768 3651 846 3717 dare
863 3653 974 3718 ducati
999 3655 1036 3718 X
1063 3654 1153 3718 milia

484 3758 626 3824 Lachesi
642 3758 788 3826 havendo
804 3782 870 3826 una
897 3761 994 3845 galea
1022 3768 1160 3844 armata,
1195 3762 1341 3828 rivocata
1381 3763 1501 3846 quella,

376 3865 500 3932 dar-ano
516 3865 628 3932 ducati
644 3871 663 3930 8
683 3867 783 3932 milia.

483 3973 658 4059 Bolognesi
675 3982 801 4041 armate
818 3977 879 4041 doe
905 3976 998 4060 galee
1016 4000 1075 4061 per
1092 3985 1211 4062 questa
1237 3978 1444 4064 expeditione
1469 3979 1505 4043 in

374 4079 409 4146 la
425 4087 531 4147 estate
547 4091 683 4165 passata
698 4083 824 4148 darano
842 4082 952 4149 ducati
971 4089 1010 4149 15
1029 4087 1127 4150 milia.

482 4188 533 4254 Lo
549 4189 719 4256 Marchese
735 4191 775 4256 de
792 4191 960 4258 Monierra
976 4214 1066 4258 como
1092 4193 1246 4276 Principe
1281 4195 1420 4263 catolioo
1446 4219 1508 4281 per

376 4299 494 4378 questa
510 4295 715 4380 expeditione
731 4299 812 4363 dara
829 4299 938 4364 ducati
956 4303 974 4362 5
991 4299 1087 4365 milia.

482 4403 529 4468 111
544 4406 662 4487 perche
679 4407 766 4472 insta
780 4406 810 4471 31
827 4414 934 4492 tempo
950 4409 991 4474 de
1010 4417 1146 4475 mettere
1165 4410 1188 4474 li
1200 4411 1308 4476 dinari
1319 4413 1462 4494 insieme,
1473 4415 1506 4479 el

370 4509 458 4583 dicto
469 4509 633 4577 Pontefice
642 4513 748 4580 Paulo
758 4535 859 4605 prega
871 4514 900 4580 le
919 4517 1143 4600 prenominate
1154 4520 1300 4602 potentie
1310 4543 1368 4606 per
1378 4520 1408 4586 le
1418 4521 1505 4586 inte-
