3356 5266
443 333 505 396 106
791 347 1022 393 nirnouacmm
1039 333 1207 393 1111111100.

436 509 585 595 ponenda
602 507 669 574 illa.
685 507 741 573 Ad
752 507 839 592 quid,
856 512 892 572 ut
901 503 986 572 idem
1002 507 1114 573 Barrus
1131 506 1258 576 facilius
1275 507 1458 581 inducatur,
1474 501 1558 567 volu-

437 639 518 701 mus,
534 623 571 683 ut
587 638 659 686 cum
684 613 866 682 rectoribus
881 614 1001 680 nostris
1028 612 1176 698 Sibinici,
1202 613 1356 702 Tragurij
1382 619 1416 682 et
1441 611 1560 697 Spoleti

437 725 595 809 optimam
622 722 875 806 intelligentiam
899 720 1021 788 habere
1047 721 1205 804 debeatis,
1240 745 1280 789 ac
1305 723 1394 789 vobis
1421 722 1559 787 vicissim

436 853 546 897 omnes
562 829 689 898 favores
708 828 879 914 possibiles
904 835 1060 914 prestare,
1083 835 1152 895 tam
1176 830 1465 914 stipendiariorum
1490 851 1561 912 gen·
1662 899 1664 924 i

436 941 527 1023 tium,
553 961 650 1024 quam
675 959 938 1025 quarumcunque
963 937 1103 1004 aliarum
1129 960 1251 1020 rerum,
1267 945 1305 1005 ut
1320 937 1505 1023 hujusmodi
1519 938 1562 1002 111-

435 1047 668 1132 convenientiis
693 1055 726 1113 et
751 1046 879 1113 damnis
895 1047 996 1114 unitis
1021 1045 1145 1113 viribus
1169 1070 1241 1114 oum
1267 1047 1431 1132 dignitate
1459 1045 1559 1112 nostri

435 1156 579 1241 Dominij
596 1153 726 1221 facilius
741 1161 942 1237 occurratur,
959 1154 1076 1239 quibus
1093 1155 1244 1239 gentibus
1259 1176 1316 1222 vos
1333 1155 1561 1222 1100101οε00-

435 1286 493 1330 nes
517 1285 619 1328 unum
644 1267 701 1328 aut
726 1261 822 1347 plura
846 1263 956 1348 capita
982 1261 1164 1346 perficietis,
1181 1264 1265 1328 sicut
1289 1261 1383 1328 robis
1404 1269 1560 1346 oportune

436 1371 607 1453 videbitur,
625 1378 661 1436 ut
676 1393 728 1438 res
743 1371 893 1438 ordinate
909 1371 1106 1458 procedant3
1123 1378 1157 1438 et
1171 1372 1233 1438 hoe
1258 1372 1342 1437 idem
1368 1371 1562 1438 Rectoribus

436 1481 731 1566 suprascriptarum
747 1485 908 1547 terrarum
925 1487 1114 1548 nostrarum
1131 1481 1334 1566 injunximus
1351 1483 1389 1545 ut
1400 1481 1562 1546 vobiscum

442 1611 476 1655 se
492 1587 687 1672 intelligant,
703 1610 741 1655 ac
758 1610 867 1654 eorum
883 1589 976 1655 robis
992 1597 1138 1674 prestent
1148 1589 1282 1656 favores
1308 1587 1472 1657 Volumus
1496 1609 1563 1672 pre·
1663 1661 1664 1672 χ

437 1703 537 1776 terea,
561 1703 598 1761 ut
621 1695 726 1761 eidem
751 1695 854 1778 Bano,
871 1695 1023 1780 illiusque
1039 1696 1176 1765 subditis
1199 1697 1326 1762 nullum
1339 1696 1567 1779 munitionum,

437 1804 689 1888 victualiumque
713 1804 866 1886 favorem,
890 1811 949 1871 aut
973 1805 1115 1890 cujusvis
1140 1805 1225 1871 alius
1250 1807 1300 1872 rei
1316 1804 1395 1870 dare
1412 1811 1471 1871 aut
1485 1805 1557 1870 dari

437 1913 503 1979 ullo
519 1919 616 1997 pacto
632 1913 839 1997 permittatis,
856 1935 895 1978 ne
911 1934 985 1979 cum
1001 1913 1235 1980 munitionibus
1260 1921 1294 1981 et
1319 1915 1419 1979 armis
1445 1914 1564 1979 nostris

437 2028 566 2087 nostros
584 2021 755 2088 incursitet
771 2021 920 2089 subditos
936 2028 1036 2107 atque
1053 2022 1271 2105 damnificant,
1295 2022 1386 2089 vobis
1402 2027 1564 2106 postremo

436 2129 638 2213 mandantes,
662 2135 700 2195 ut
724 2131 832 2214 siquid
857 2131 1050 2215 depositum,
1076 2135 1134 2196 aut
1158 2131 1344 2215 quampiam
1370 2129 1470 2197 aliam
1496 2153 1563 2196 rem

438 2239 642 2305 subditorum
673 2237 773 2321 ipsius
798 2238 886 2304 Bani
910 2239 943 2303 in
964 2237 1224 2322 jurisdictionem
1257 2238 1353 2304 istius
1381 2238 1564 2324 Regiminis

439 2347 576 2431 habetis,
592 2346 682 2412 illam
708 2353 913 2432 sequestrare
940 2346 1096 2428 debeatis,
1122 2354 1155 2413 01
1180 2351 1419 2430 sequestratum
1444 2353 1565 2430 tenere,

434 2476 501 2538 ‘que
516 2477 582 2521 non
597 2453 813 2538 prospiciente
837 2453 949 2520 eodem
973 2454 1068 2520 Bano
1098 2453 1303 2519 indemnitati
1329 2454 1566 2539 suprascripto-

438 2587 511 2630 rum
527 2562 732 2630 subditorum
759 2569 944 2628 nostrorum
970 2563 1013 2628 sit
1038 2585 1098 2646 pro
1123 2561 1348 2628 satisfactione
1372 2563 1565 2629 damnorum

441 2693 569 2751 eorum3
600 2678 634 2738 ct
649 2670 711 2736 hoc
727 2669 812 2736 idem
829 2670 1061 2755 suprascriptis
1085 2671 1283 2737 Rectoribus
1310 2673 1432 2737 nostris
1454 2672 1560 2758 injun-

438 2782 552 2860 ximus,
568 2785 605 2846 ut
620 2800 731 2846 omnes
746 2801 821 2863 uno,
836 2777 1012 2862 eodemque
1029 2779 1125 2846 modo
1142 2801 1214 2844 cum
1231 2781 1455 2865 suprascripto
1471 2779 1561 2848 Ban-

442 2911 484 2955 no
500 2889 621 2954 vivant.

548 2995 687 3060 Demum
722 2999 853 3079 captum
878 2995 928 3079 sit,
952 2996 1040 3078 quod
1065 2997 1305 3079 quamprimum
1340 2995 1498 3082 expediri,
1529 3021 1566 3063 ac

439 3103 526 3170 mitti
541 3101 659 3169 debeat
674 3125 757 3168 unns
775 3101 1033 3170 Secretariorum
1050 3111 1235 3170 nostrorum
1251 3103 1411 3188 adipsum
1426 3105 1568 3185 Beuum,

440 3211 497 3292 qui
529 3210 556 3274 si
588 3210 744 3294 ejusmodi,
777 3210 1009 3279 dissensionem
1041 3235 1100 3296 per
1132 3213 1372 3297 suprascriptos
1405 3213 1567 3280 Rectores
1663 3191 1664 3226 ³

440 3324 567 3383 costros
583 3319 608 3385 J
610 3315 689 3386 adre
705 3321 916 3402 compositam
941 3319 1042 3386 fuisse
1072 3321 1222 3404 inveniet,
1247 3325 1434 3386 revertatur
1459 3319 1568 3390 Vene-

439 3428 521 3506 tias;
546 3427 597 3491 siu
623 3447 697 3492 vero
723 3427 902 3512 composita
927 3451 990 3495 uon
1007 3436 1092 3495 esset
1109 3429 1170 3495 :ad
1187 3427 1279 3496 illurn
1295 3451 1329 3495 se
1342 3427 1509 3496 0011101101
1525 3428 1569 3494 ad

440 3533 614 3600 dolendum
639 3533 679 3598 de
704 3534 858 3619 ejusmodi
887 3535 1022 3614 damnis,
1047 3556 1086 3602 ac
1120 3535 1296 3620 petendum
1326 3536 1567 3603 restitutionem

440 3642 627 3708 animalium
652 3645 685 3707 et
709 3641 891 3726 bladorum,
907 3665 979 3708 cum
996 3642 1188 3710 damnorum
1209 3645 1440 3729 preteritorum
1466 3645 1568 3712 relec-

439 3753 535 3834 tione,
546 3750 639 3837 sicuti
650 3749 681 3815 01
689 3771 748 3836 per
760 3750 942 3832 Collegium
952 3751 1224 3838 planiusjdsbirur
1234 3754 1268 3819 in
1279 3753 1454 3821 mandatis.

547 3859 599 3925 De
614 3865 708 3945 parte
789 3898 825 3908 —
879 3867 951 3926 120.

548 3968 601 4034 De
617 3989 681 4035 non
787 4009 830 4018 -
921 3977 950 4035 0.

548 4075 625 4142 Non
642 4075 735 4142 siceri
789 4116 832 4124 —
924 4083 952 4142 0.

548 4239 706 4300 (Velenczei
719 4239 907 4304 illamkdnyv,
923 4245 955 4290 13
970 4241 1000 4303 l.)

925 4459 1086 4470 *—
