3340 5300
385 315 427 379 36
743 332 977 382 orenonsozrer
993 321 1162 382 sustinere.

306 477 311 490 ⁸
383 489 534 574 Monsero
550 515 610 578 per
628 491 717 562 soler
733 493 888 563 defendre
905 496 1014 580 quello
1042 495 1085 562 ho
1109 496 1198 564 dioto
1222 495 1376 568 Siroxino
1404 505 1521 561 oontro

381 595 414 664 lo
439 597 473 666 S.
490 643 534 652 -
552 586 700 685 signore,
714 604 785 670 oioe
802 603 843 668 de
858 603 971 688 quello
986 605 1218 688 recognitione,
1233 606 1292 672 ohe
1307 604 1339 670 li
1354 603 1521 671 domando

383 707 423 794 lo
440 705 559 775 Dueho
586 707 626 776 de
651 709 782 796 Savoye
807 709 896 793 dato,
923 709 997 778 ohio
1024 711 1131 792 oredo,
1148 713 1207 778 ohe
1224 713 1256 778 le
1274 711 1427 796 Signoris
1444 711 1521 777 fars

369 816 487 904 ‚poche
502 818 625 884 extimo
641 819 682 882 de
699 815 823 901 parole,
839 816 897 884 ohe
914 817 1016 884 hobis
1032 817 1119 886 dicto
1136 817 1293 888 Siroxino
1303 819 1443 886 maxime
1458 839 1513 882 ro-

369 909 476 1009 Jlendo
492 947 569 1002 esso,
583 925 755 994 Morohese
771 927 990 992 sottometersi
1006 928 1062 992 ele
1074 929 1207 1012 jnstitio
1232 927 1330 994 otior
1351 927 1463 1011 judice
1480 927 1514 992 lo

372 1021 596 1118 ¹Imperatore,
612 1040 670 1100 sut
686 1055 783 1117 peres
799 1033 895 1116 curie,
912 1055 1003 1100 oomo
1019 1036 1090 1100 vole
1114 1035 1148 1102 le
1164 1055 1296 1117 rorone,
1312 1034 1421 1120 quello
1446 1055 1518 1100 sen-

371 1135 448 1230 Jtiro
473 1142 534 1224 piu,
556 1141 655 1224 ultro,
682 1161 723 1206 ne
749 1142 833 1208 dero
861 1142 974 1208 edvise
1000 1165 1020 1210 a
1047 1141 1088 1210 V.
1104 1141 1316 1224 Excellentie,
1341 1141 1393 1208 olo
1418 1142 1518 1224 quate

383 1269 497 1333 senpre
513 1240 558 1314 nri
574 1237 772 1315 rioomendo.
785 1250 935 1332 Venetis,
951 1253 1051 1318 tertio
1070 1247 1245 1318 Octobriis.
1264 1254 1360 1316 1466.

377 1349 379 1354 ’
400 1416 402 1424 ,
427 1355 466 1420 Ε.
483 1352 525 1423 V.
542 1355 595 1422 Ill.
612 1357 692 1422 Ere.
1098 1357 1305 1426 fidelissimus
1321 1355 1470 1425 Servitor

373 1435 382 1542 ε,
1107 1463 1276 1532 Gersrdus
1292 1466 1333 1530 de
1349 1463 1454 1532 Oollis

378 1561 382 1569 ’
487 1571 723 1640 Illustrissimis
738 1573 931 1657 Pinoipibus
952 1595 991 1640 ao
1001 1573 1296 1640 Excellentissimis
1306 1572 1347 1638 D.
1359 1573 1399 1641 D.
1409 1573 1511 1640 Blen-

381 1680 440 1746 ohe
457 1679 571 1757 *Mario
588 1689 622 1746 et
638 1679 763 1748 Goleez
788 1680 895 1747 Morio
921 1678 1044 1748 Sfortie
1073 1682 1335 1762 VioeoomitibuS,
1364 1681 1512 1748 Ducibus

381 1787 562 1854 Mediolani
578 1795 638 1854 eto.

380 1987 384 1990 .
440 1959 442 1964 ·
488 1933 617 1996 (nntnoi
629 1935 849 1995 tllsmtereltsr).

384 2478 479 2542 1466.
495 2475 525 2540 A
542 2476 692 2541 velenczer'
708 2479 823 2540 tontes
838 2475 1013 2540 atorokkez
1029 2475 1200 2562 hikeesiqet
1209 2477 1355 2554 kiteodt',
1371 2478 1513 2544 1111111111-

374 2587 411 2670 je
428 2589 579 2649 arnmot-a
603 2581 782 2648 meolevdet
803 2582 903 2646 ktvtn
919 2608 940 2647 a
957 2585 1091 2649 111νὸ111111
1108 2607 1123 2648 s
1139 2607 1180 2648 az
1196 2611 1211 2649 e
1227 2585 1334 2672 voyttt
1351 2586 1514 2652 Konstan-

382 2694 573 2781 tioo'polyba
588 2693 714 2757 totototo
739 2689 871 2756 nichel
896 2693 999 2756 Antal
1025 2695 1144 2757 terreret
1168 2701 1228 2758 odo
1255 2696 1406 2779 utositja,
1430 2696 1512 2779 hoqy

382 2826 419 2866 az
454 2804 584 2868 emlitett
618 2801 718 2879 beker,
752 2798 898 2886 lebetilry
926 2825 947 2866 a
974 2823 1115 2887 magmas·
1139 2803 1320 2888 kirolylyol
1339 2805 1513 2887 eqyete'rtve

858 2909 947 2974 tom
961 2933 1035 2997 meq.

382 3066 670 3138 MGOOOLXVI.
689 3067 740 3132 die
757 3065 822 3132 XI.
840 3067 1002 3135 Octobris,

383 3181 402 3245 6
424 3177 596 3262 Sapientes
617 3175 755 3259 Consilij
817 3171 819 3225 Ι
931 3173 1028 3260 Quod
1044 3177 1168 3242 remitti
1185 3177 1304 3244 debeat
1321 3177 1364 3244 ed
1380 3177 1509 3246 Momut

384 3294 403 3352 2
506 3315 521 3346 »
620 3295 641 3351 t.
658 3285 680 3351 1.
816 3286 819 3343 ff
865 3283 973 3351 Bessa
988 3285 1042 3352 ille
1059 3286 1278 3369 hebreus,qui
1295 3287 1378 3352 alios
1394 3289 1511 3352 missus

381 3402 404 3462 4
506 3423 521 3455 e
624 3392 784 3461 Ordinum
815 3368 817 3401 ¹
866 3393 908 3460 ad
934 3417 991 3460 nos
1021 3395 1082 3458 suit
1103 3415 1162 3478 per
1188 3396 1293 3478 ipsum
1322 3394 1447 3476 Bassa,
1478 3403 1511 3458 et

382 3489 686 3572 oooi'ffii'ffisibi:
702 3502 788 3587 quod
804 3503 860 3569 det
876 3523 1010 3587 operam
1026 3523 1098 3565 oum
1115 3499 1230 3583 Besso,
1257 3501 1346 3584 quod
1363 3504 1511 3586 optinent

382 3615 506 3679 salvum
522 3613 716 3678 conductum
732 3633 752 3676 e
768 3609 877 3676 Turno
894 3631 953 3694 pro
971 3631 1034 3673 uno
1052 3631 1091 3673 ex
1117 3609 1238 3673 nostris
1264 3609 1423 3674 mittendo
1452 3632 1510 3694 pro

382 3720 554 3788 oonoordio
579 3741 651 3784 eum
676 3739 712 3783 eo
737 3717 884 3783 faciendo
901 3726 934 3782 et
951 3725 1010 3781 eet.
1036 3717 1083 3782 Et
1100 3717 1128 3782 si
1145 3715 1230 3781 sorte
1247 3715 1354 3782 Besso
1370 3717 1507 3782 multum

382 3838 526 3896 remotus
552 3835 634 3893 esset
659 3849 679 3893 o
703 3825 821 3904 Tureo,
839 3829 1028 3890 comittetor
1053 3825 1115 3907 ipsi
1143 3824 1270 3902 hebreo,
1294 3823 1380 3907 quod
1409 3824 1508 3888 rodat

382 3939 423 4004 sd
448 3937 623 4028 Dominum
648 3935 811 4000 Jacobum
838 3934 997 3999 medicum
1024 3932 1133 4022 Terei,
1158 3953 1217 4016 per·
1249 3933 1339 4014 cujus
1366 3931 1507 3994 medium

382 4051 534 4130 procuret
559 4041 678 4108 habere
705 4067 725 4107 a
750 4041 858 4108 Tusco
884 4045 989 4126 ipsum
1017 4041 1142 4104 salvum
1168 4037 1363 4104 conductum
1389 4047 1420 4103 et
1450 4047 1510 4102 eot.

491 4151 533 4236 ΔΓ
582 4191 623 4201 -
674 4155 736 4216 122
783 4155 805 4214 4
851 4189 894 4198 -
941 4156 959 4215 s

422 4297 425 4302 ’
490 4275 555 4344 Die
572 4277 804 4361 suprascripto.

383 4373 444 4454 Ser
457 4373 578 4450 ¹Petrus
596 4381 728 4448 Delsino
759 4383 762 4464 Ξ
874 4381 955 4446 Chol
987 4381 1035 4446 sia
1065 4379 1221 4446 mandato
1254 4379 1363 4446 David
1394 4380 1509 4446 Zudeo

384 4495 522 4580 Sapiens
539 4491 700 4558 Ordinem
759 4474 761 4519 1
810 4511 883 4554 oum
908 4490 1002 4553 litere
1028 4495 1137 4554 nostre
1163 4487 1203 4552 de
1229 4495 1343 4572 questo
1368 4497 1461 4554 tenor
1477 4487 1511 4553 sl

381 4581 678 4600 ffl,.

1658 1183 1663 1400 1
