3340 5260
382 343 445 404 166
724 340 1151 402 urruounozmr'unmtnuu.

380 541 438 602 per
464 541 574 583 rerum
599 519 852 584 eluistianarnm
879 517 1056 598 commodo,
1083 521 1116 581 et
1133 517 1310 600 plurimum
1327 516 1422 581 nobis
1438 536 1516 600 gra·

380 636 451 691 tum
477 627 546 707 l'uit,
573 625 660 709 qnod
685 649 827 709 purgare
850 628 943 692 nixus
960 627 1033 692 sitis
1049 625 1190 709 Regiam
1207 631 1348 690 mentem
1365 626 1452 690 omni
1471 625 1514 688 si-

381 735 485 798 nistra
511 733 673 816 opinione,
699 755 798 816 qnam
823 733 1022 816 concepisset
1045 734 1182 816 alieujus
1198 739 1311 797 nostre
1329 731 1371 796 ad
1388 737 1514 796 statum

381 841 583 925 prefatorum
603 839 769 907 Comitum
785 841 1004 925 aspirationis,
1021 843 1104 908 sicut
1120 849 1154 907 et
1171 863 1229 925 pro
1247 842 1385 904 veritate
1402 847 1436 904 et
1452 860 1514 922 pro

382 956 491 1014 vestra
516 949 691 1032 prudentia
716 949 837 1032 optime
854 951 960 1014 faeere
977 949 1132 1030 intuistis,
1149 949 1352 1031 potestisque
1378 968 1517 1030 semper,
1543 979 1549 991 ·

381 1057 513 1142 quando
530 1079 661 1122 necesse
678 1058 727 1137 sit,
744 1057 895 1140 quodque
915 1056 1075 1141 Majestas
1093 1056 1160 1122 Sua
1177 1057 1343 1122 nobiscum
1372 1057 1453 1121 bene
1484 1063 1518 1120 et

382 1167 486 1232 amice
504 1188 602 1249 agere
618 1172 651 1230 et
668 1166 800 1230 vicinari
818 1167 980 1249 disposita
996 1165 1047 1245 sit,
1065 1187 1164 1246 quam
1181 1164 1317 1230 eandem
1346 1186 1424 1247 erga
1450 1165 1517 1229 Re-

384 1275 469 1358 giam
487 1273 730 1340 sublimitatem
748 1273 848 1340 Snam
867 1277 1010 1338 mentem
1027 1280 1060 1338 et
1086 1274 1330 1356 dispositionem
1356 1291 1413 1338 uos
1439 1293 1519 1354 quo-

385 1405 449 1465 que
466 1404 592 1465 semper
607 1381 789 1461 habuimus,
807 1381 1013 1462 habiturique
1030 1387 1188 1463 perpetuo
1203 1401 1321 1460 sumus,
1337 1384 1371 1444 ot
1387 1379 1429 1442 de
1455 1380 1520 1444 hoc

387 1496 509 1556 certam
535 1489 633 1556 facite
659 1489 746 1554 illius
772 1489 995 1572 Majestatem,
1022 1511 1083 1571 qne
1110 1488 1216 1552 veritis
1243 1489 1361 1552 vestris
1379 1488 1517 1552 multam

387 1603 534 1683 prestare
558 1597 654 1663 fidem
680 1602 798 1680 potest,
825 1598 880 1662 sed
907 1598 1004 1680 longo
1029 1598 1188 1681 majorem
1204 1596 1387 1661 rationibus
1405 1603 1437 1660 et
1453 1597 1520 1681 ipsi

386 1707 593 1787 experientia.

495 1813 547 1877 De
572 1814 699 1879 Comite
726 1813 831 1896 Segne
855 1836 919 1878 non
944 1814 1097 1895 videmus,
1123 1815 1284 1898 quomodo
1309 1813 1452 1880 Comites
1469 1817 1521 1880 illi

387 1921 515 2006 passuri
532 1922 596 1985 sint
613 1943 781 1986 remanere
799 1921 946 2003 privatos
972 1922 1103 1986 civitate
1120 1923 1188 2001 illa,
1206 1921 1291 1986 unde
1302 1924 1522 2006 primordium
1615 1975 1619 1978 .

389 2030 522 2112 dominij
550 2035 582 2093 ot
607 2031 748 2092 nominis
766 2050 932 2113 sumpsere
958 2032 1026 2112 sni;
1052 2030 1108 2095 sed
1133 2039 1241 2095 tamen
1265 2031 1404 2096 nolimus
1421 2033 1521 2096 nimis

388 2136 523 2202 instanti
539 2141 653 2200 nostra
671 2137 902 2202 intercessione
920 2161 977 2220 per
992 2139 1137 2221 aliquam
1162 2145 1353 2220 conceptam
1379 2163 1414 2203 a.
1425 2139 1522 2223 Rege

389 2244 605 2326 suspicionem
631 2245 746 2309 obesse
772 2246 891 2310 eisdem
918 2243 1067 2327 Comitis,
1093 2247 1150 2310 ubi
1175 2247 1329 2330 prodesse
1345 2247 1410 2312 illis
1427 2256 1523 2330 opta·

389 2371 460 2415 mus
477 2357 510 2416 ct
526 2351 668 2416 nitimur.
686 2351 752 2418 Sed
769 2375 833 2434 vos,
850 2355 905 2437 qui
921 2355 998 2418 estis
1023 2354 1056 2417 in
1081 2354 1169 2419 sacto
1195 2362 1228 2420 et
1254 2355 1412 2438 perditus,
1440 2377 1522 2438 pru-

389 2457 500 2524 dentia
517 2460 644 2544 etquid
662 2463 842 2527 nociturum
860 2470 893 2527 et
908 2463 1114 2545 profuturum
1125 2463 1176 2545 sit,
1187 2463 1308 2546 optime
1319 2465 1433 2546 nostis,
1444 2469 1522 2528 uta-

387 2568 466 2632 mini
482 2570 569 2632 omui
587 2575 767 2652 temporum
783 2569 1022 2650 commoditate,
1039 2579 1070 2635 ct
1081 2592 1145 2635 non
1156 2571 1323 2636 desistatis
1339 2594 1412 2635 cum
1429 2573 1525 2636 omni
1608 2557 1613 2564 ¹

388 2677 548 2742 modestia
565 2678 766 2743 intercedere
784 2685 816 2743 et
833 2682 973 2762 operari,
990 2687 1149 2762 quantum
1165 2701 1223 2762 per
1239 2701 1294 2744 vos
1310 2681 1382 2744 lieri
1408 2689 1523 2763 potest

391 2807 487 2868 super
503 2783 709 2849 restitutione
725 2785 884 2867 predicta,
898 2793 936 2850 nt
953 2787 1096 2852 Comites
1113 2786 1161 2851 illi
1178 2789 1265 2852 omni
1282 2788 1417 2852 sinistra
1432 2790 1523 2870 eogi-

394 2892 518 2957 tatione
535 2897 568 2955 et
584 2892 693 2956 aliena
709 2913 729 2956 a
744 2892 840 2957 rebus
857 2895 1043 2959 christianis
1069 2895 1198 2978 rejecta,
1223 2895 1343 2976 fideles,
1369 2898 1523 2979 perpetui

390 3007 424 3065 et
440 3005 628 3064 constantes
645 3001 820 3066 servitores
840 3008 872 3065 et
898 3001 1019 3067 subditi
1045 3004 1149 3086 Regio
1176 3001 1392 3068 Celsitudinis
1417 3027 1526 3070 rema·

392 3113 499 3172 neaut
525 3107 572 3172 Et
597 3107 658 3171 hoc
683 3113 740 3187 est,
768 3131 831 3190 quo
857 3110 903 3173 nil
929 3111 1055 3192 gratius
1081 3118 1196 3176 nostro
1224 3111 1377 3176 Dominio
1402 3112 1436 3176 in
1453 3112 1524 3177 heo

391 3225 500 3283 vestra
516 3217 680 3300 legatione
696 3220 980 3302 impresentiarum
996 3224 1103 3286 facere
1119 3225 1266 3306 possetis.

499 3325 533 3392 Si
560 3327 801 3392 matrimonium
827 3330 912 3394 inter
937 3330 1075 3412 Regiam
1102 3330 1335 3397 Celsitudinem
1362 3339 1395 3396 et
1411 3332 1517 3398 liliam

392 3427 609 3516 imperatorie
635 3433 825 3519 Majestatis
850 3438 1039 3504 conclusum
1073 3440 1179 3522 luerit,
1211 3461 1265 3504 vos
1306 3461 1379 3505 cum
1412 3441 1525 3524 Regia

390 3541 463 3624 ipsa
479 3541 656 3625 Majestate
673 3550 783 3610 nostre
800 3547 929 3611 nemine
947 3570 1018 3611 eum
1037 3549 1230 3632 opportunis
1246 3557 1279 3613 et
1303 3550 1526 3616 convenienti-

391 3650 452 3714 bus
468 3649 575 3716 verbis
591 3655 885 3738 congratuleminij.
911 3656 1008 3720 Hanc
1033 3657 1169 3721 eandem
1195 3658 1451 3740 gratulationem
1478 3660 1527 3724 sa·

391 3759 454 3830 cite
481 3780 553 3824 cum
578 3757 796 3844 Imperatoria
821 3765 1010 3849 Majestate,
1035 3787 1113 3830 casu
1139 3789 1202 3847 quo
1228 3767 1270 3831 ad
1301 3767 1524 3850 receptionem

391 3866 589 3951 presentium
606 3871 720 3935 essetis
738 3870 825 3954 apud
842 3893 923 3937 eam.

499 3973 968 4059 †1ss-1-e

499 4135 656 4202 (Velenezei
675 4144 855 4208 sllsmkdnyv
876 4149 917 4194 89.
931 4146 961 4205 l.)

875 4399 1034 4407 ——-...
