3336 5258
647 333 742 399 1478.
769 373 771 380 ‹
897 397 900 403 ,
1194 327 1255 395 367

11 547 18 557 ·
128 534 186 595 per
202 511 326 579 andare
343 535 363 578 a
379 512 517 597 Napole,
534 509 563 577 le
579 511 621 579 ho
637 533 764 578 comeso
780 517 869 577 certe
885 533 959 578 cose
976 511 1074 577 dicha
1090 533 1111 577 a
1127 503 1170 578 V.
1186 507 1260 593 Sig-

1 677 2 686 ,
128 620 232 702 noris,
250 620 303 685 alo
328 620 424 704 quale
449 625 579 704 porrete
604 620 683 686 dare
709 619 793 701 sede,
809 639 900 685 como
916 639 936 682 a
952 618 1030 684 deve
1047 618 1180 702 propria
1196 640 1261 683 non

1 769 2 808 3
128 729 214 794 altre
231 751 266 796 se
283 751 347 796 non
364 751 383 794 a
401 729 442 796 V.
460 728 622 814 Signoria.
639 729 695 795 Me
719 727 948 794 recommando
964 749 981 793 e
998 728 1102 794 ancho
1128 725 1171 792 ad
1187 727 1261 794 Ma-

1 851 7 910 ζ
129 837 236 922 dama,
251 861 305 905 ma
321 861 385 906 non
402 861 482 922 pero
508 836 690 905 scordando
708 838 817 904 donna
835 837 979 904 Isabella
994 838 1062 902 mia
1078 858 1136 922 per
1152 838 1261 902 niente

129 944 164 1009 ‹li
180 945 221 1014 V.
239 947 392 1030 Signoria
407 970 485 1015 cara
501 947 583 1014 Sere

174 1053 304 1138 Regina
320 1056 466 1123 Beatrin.
899 1055 1087 1121 Bernardus
1106 1053 1217 1140 Lopis

241 1238 380 1300 (Modtnai
393 1235 555 1303 allamlttr.)

619 1384 780 1392 ——-..

666 1637 740 1700 254.

135 1817 232 1882 1478.
251 1815 369 1903 Alfoaa
383 1815 548 1882 calabrici
562 1818 691 1905 terczep
710 1815 839 1903 Mcttyds
860 1815 1044 1903 kirdlgnak
1063 1815 1096 1880 ts
1112 1817 1266 1881 Beata-u-

383 1923 451 1990 nat·
471 1924 630 1990 Demoleos
645 1925 872 1990 aeteszmeotcrt
889 1923 1029 2009 ajdaljo.

245 2101 459 2169 Serenissime
484 2102 558 2168 Rex
583 2109 616 2170 et
640 2103 782 2169 Domine
813 2109 953 2188 cognate
982 2107 1140 2184 tanquam
1173 2107 1268 2186 pater

135 2211 313 2276 carissime.
329 2209 538 2277 Presentium
555 2209 642 2278 lator
658 2210 821 2296 Magister
834 2209 1023 2277 Dominious
1040 2209 1080 2274 de
1098 2208 1267 2291 Propheta

136 2318 177 2384 de
192 2317 331 2402 Urbino‚
341 2320 391 2383 vir
406 2318 539 2403 quidem
554 2320 634 2384 satis
652 2320 800 2386 eruditus
815 2325 847 2384 et
862 2319 895 2382 in
913 2326 983 2384 arte
994 2317 1180 2400 chirurgica
1196 2317 1269 2383 doc-

136 2427 284 2493 tissimus
309 2427 598 2512 peritissimusque,
615 2428 658 2494 ad
686 2427 773 2494 illius
799 2426 955 2511 obsequia
980 2427 1013 2490 in
1038 2427 1203 2510 presentia
1234 2447 1268 2490 se

137 2535 274 2617 confert,
290 2536 422 2618 cupiens
437 2534 608 2602 Maiestati
624 2535 744 2602 Vestro
761 2556 829 2600 rem
840 2541 970 2619 gratam
988 2534 1107 2618 facere,
1125 2535 1181 2619 qui
1197 2555 1270 2600 cum

138 2642 233 2707 nobis
249 2643 422 2709 virtutibus
439 2646 506 2710 suis
523 2651 555 2709 et
570 2644 690 2727 peritia
706 2644 749 2710 sit
764 2643 979 2727 gratissimae,
1004 2663 1069 2708 non
1093 2641 1269 2708 desinimus

137 2751 234 2816 illum
259 2749 429 2817 Maiestati
445 2749 565 2818 Vestro
590 2771 655 2817 non
679 2751 860 2834 vulgariter
884 2748 1159 2829 recommendare,
1182 2747 1270 2831 quod

138 2859 168 2924 si
184 2857 307 2940 lecerit,
323 2859 358 2924 id
382 2859 467 2924 omni
484 2859 518 2923 in
534 2881 592 2924 nos
608 2880 678 2924 esse
694 2857 817 2924 factum
834 2858 914 2924 satis
940 2863 1123 2942 opportune
1139 2864 1271 2941 reputa-

139 2965 256 3032 bimus.
282 2965 361 3031 Dat.
383 2965 422 3030 ln
432 2965 536 3050 Regio
552 2974 691 3051 paterno
707 2965 844 3033 castello
860 2965 1020 3050 Capuano
1036 2963 1195 3049 Neapolis
1215 2968 1265 3028 18.

140 3073 270 3157 Aprilis
289 3077 385 3139 1478.
404 3075 514 3140 Vester
532 3072 701 3158 Cognatus
718 3083 876 3158 tanquam
892 3073 978 3139 filius

834 3179 912 3247 Dux
929 3179 1082 3248 Calabris
1099 3178 1227 3246 Alions.

252 3285 378 3356 Ser-mo
397 3289 461 3356 Ilo
478 3289 606 3356 Mathis
631 3290 696 3356 Dei
720 3291 831 3374 gratia
848 3289 932 3374 Regi
948 3287 1083 3372 flung-c
1100 3287 1273 3354 Bohemie-

143 3417 209 3482 que
225 3402 284 3462 etc.
301 3405 438 3482 cognato
455 3405 614 3482 tanquam
631 3399 722 3482 patri
738 3405 850 3464 nostro
867 3399 1063 3464 carisssimo.

253 3503 322 3572 Sub
337 3505 435 3570 simili
452 3505 559 3572 forma
574 3513 700 3572 mutato
726 3527 875 3571 sermone
896 3506 1052 3590 scriptum
1069 3503 1131 3570 suit
1148 3502 1275 3570 Ser-me

144 3613 232 3679 D-ne
257 3613 422 3680 Beatricie
449 3616 488 3682 Ι).
506 3637 536 3698 g.
552 3615 657 3698 aeg-e
683 3615 794 3699 Hung.
818 3615 1022 3703 Bohemique
1044 3613 1148 3678 sorori
1164 3619 1274 3678 nostre

144 3744 322 3788 carrss1me.

255 3887 314 3949 (Gr.
326 3888 460 3939 Arolrivio
473 3889 502 3938 di
515 3890 623 3954 Napoli.
637 3889 691 3938 Urf.
701 3891 760 3938 Pol.
771 3888 890 3953 Regesta
900 3889 998 3938 Curiae
1007 3888 1177 3937 Sununariae
1193 3899 1277 3936 anno·

144 3992 208 4028 rum
225 3983 372 4028 1475-78.
387 3983 462 4029 tomo
474 3980 538 4031 XII.
552 3981 599 4031 iol.
613 3981 684 4042 219.)
