3334 5262
672 433 766 495 1466.
1226 433 1286 494 153

155 609 302 677 sionibus
319 615 350 674 et
365 609 491 690 rapinis
508 609 703 676 barcharum
729 617 937 690 armatarum,
952 632 1011 694 per
1036 611 1115 676 illes
1134 631 1210 676 ores
1227 609 1290 674 dis·

156 725 268 786 currat
300 724 333 783 et
357 741 391 783 se
418 717 576 799 ostendet,
601 742 665 784 non
693 727 802 785 tamen
825 726 988 804 oppugnet
1013 719 1202 802 HungaroS,
1233 725 1289 783 eut

154 828 328 893 manifeste
344 825 469 909 aliquid
489 827 671 892 committat·
696 833 810 894 contra
836 848 891 892 eos
908 827 949 893 ob
966 833 1147 910 respectum
1165 833 1199 891 et
1215 848 1290 891 ceu-

155 958 235 1018 sam,
253 956 350 1019 quam
368 935 516 1018 superius
532 936 758 1018 expressimus,

265 1043 417 1110 Ceterum
434 1064 492 1126 per
506 1043 621 1108 literas
637 1042 816 1108 Potestetis
840 1049 873 1108 et
890 1041 1064 1126 Oapitsuei
1091 1045 1195 1108 nostri
1212 1045 1236 1108 J
1238 1065 1290 1110 us·

153 1153 311 1237 tinopolis
327 1152 482 1216 certiores
498 1150 575 1216 facti
593 1173 703 1217 sumus
719 1151 925 1235 supradictos
941 1148 1087 1216 Comites
1104 1151 1235 1234 petijsse
1247 1151 1289 1216 ab

157 1261 380 1346 Imperatoris
395 1259 572 1344 Majestate
589 1279 777 1326 succursum
802 1260 947 1342 gentium
975 1280 1106 1324 suarum
1132 1257 1289 1337 Lubiane,

157 1393 222 1453 que
237 1369 400 1453 Msjestas
416 1389 494 1451 erga
509 1368 583 1433 illos
600 1367 680 1433 bene
697 1369 856 1451 disposita
873 1389 943 1433 esse
953 1367 1098 1448 videtur3
1115 1375 1291 1451 propterea

155 1479 292 1544 suadete
317 1481 350 1542 ct
375 1476 549 1541 hortemini
575 1475 842 1557 Magnificentius
868 1473 961 1556 Sues,
987 1483 1024 1541 ut
1050 1477 1082 1540 in
1109 1474 1291 1558 hujusmodi

156 1587 318 1671 petitione
344 1591 377 1649 et
403 1585 559 1649 instantia
586 1590 799 1668 perseverent,
826 1584 985 1666 quomodo
1012 1583 1168 1661 subsidia,
1192 1603 1292 1664 ques

157 1693 339 1777 Majestate
356 1689 424 1756 Sua
441 1690 561 1756 habere
578 1696 724 1774 possunt,
735 1699 811 1757 sunt
827 1699 976 1774 prompte
992 1691 1111 1772 facilia,
1127 1699 1160 1757 et
1176 1711 1292 1774 magne

157 1801 378 1886 reputationis
394 1799 491 1865 rebus
506 1821 627 1865 eorum.

266 1927 318 1992 De
334 1931 430 2009 parte
453 1929 492 1988 67
543 1962 585 1970 -
633 1928 684 1989 74.

574 2121 807 2206 Suprascripto
824 2122 884 2187 die.

160 2256 179 2315 1
199 2247 337 2332 Sapiens
354 2245 489 2330 Oousilij
647 2245 707 2314 Ser
722 2243 863 2314 Nicolao
880 2247 1024 2313 Michael
1041 2255 1073 2313 et
1092 2257 1150 2314 eet.

162 2349 375 2441 ‘lSapientes
391 2365 415 2421 t.
434 2355 453 2419 i.
594 2402 597 2459 Ι
691 2355 883 2440 Complures
909 2355 1023 2421 literas
1049 2355 1111 2422 stb.
1138 2359 1251 2440 (drmit
1272 2385 1292 2425 a

160 2465 374 2548 2Scpientes
391 2462 552 2528 Ordiuum
594 2470 597 2566 ζ
637 2466 773 2553 jonebbi
790 2476 900 2552 szooey
919 2491 940 2530 o
961 2467 1055 2531 »nidi
1080 2468 1153 2531 sui«
1182 2468 1293 2555 moly,-

155 2557 689 2662 'a—zddr'iz‘tyffisilt‘ut‘nientem
713 2578 858 2636 nostram
874 2571 1076 2656 intelligetis,
1096 2573 1291 2656 possitisque

156 2703 218 2747 vos
234 2681 282 2747 illi
298 2681 524 2746 accomodare:
553 2681 667 2746 scitote
686 2680 890 2763 desyderium
915 2687 1062 2746 nostrum
1087 2702 1166 2760 esse,
1192 2687 1228 2745 ut
1244 2683 1294 2750 illi

157 2791 274 2873 Magn.
291 2788 424 2854 Domini
441 2791 606 2856 civitatem
630 2809 722 2854 susm
738 2795 938 2873 recuperent,
955 2797 1131 2873 propterea
1147 2789 1294 2858 volumus

160 2907 197 2964 et
214 2897 303 2964 vobis
323 2897 523 2981 mandamur,
548 2903 584 2962 ut
609 2905 733 2980 qusuto
758 2898 883 2961 cautius
908 2905 941 2961 et
967 2897 1125 2963 occultius
1148 2901 1293 2982 potestis,

157 3007 228 3071 illis
262 3007 398 3072 l'aveatis
424 3011 457 3071 et
483 3007 671 3084 succursus,
694 3007 875 3070 cautius
899 3005 1040 3070 diximus
1071 3011 1102 3070 et
1135 3007 1294 3072 occultius

159 3116 204 3180 ob
222 3120 398 3197 respectus,
415 3135 496 3198 quos
512 3115 635 3197 optime
644 3113 835 3198 intelligitis.
846 3112 897 3178 De
908 3111 1035 3178 Oomite
1046 3121 1153 3179 autem
1164 3115 1295 3181 donnus

162 3223 252 3288 sib..
289 3271 297 3286 .
335 3263 348 3288 .-
380 3271 1287 3290 .....................

158 3331 273 3416 (Isme't
289 3339 354 3418 cipp
365 3337 447 3398 mint
463 3357 484 3397 o
491 3333 626 3418 jonedbi
636 3333 768 3398 leodien
780 3336 865 3419 epe'ez
884 3359 905 3398 o
922 3333 1075 3419 moookip
1094 3335 1297 3420 ›Srcspcncas

157 3441 367 3505 tenebimus«

271 3563 323 3629 De
340 3571 434 3648 parte
513 3571 554 3629 63
603 3601 644 3612 -
693 3569 743 3630 64.

271 3673 323 3738 De
339 3694 403 3738 nou
536 3679 554 3738 6
602 3707 644 3719 ·-
692 3711 734 3719 —

271 3779 345 3845 Non
363 3781 487 3846 sincere
533 3786 554 3846 4
601 3819 643 3827 —
714 3787 743 3843 6.

270 3944 428 4006 (Velenczei
441 3945 621 4008 dllsmlrdnyv
634 3947 676 3993 ⁶9.
690 3943 720 4004 l.)

648 4234 808 4243 ———
