3334 5276
688 335 783 398 1466.
916 412 919 422 Ι
1265 335 1307 397 na
1423 342 1426 350 ·

164 515 324 583 Pontifex
342 516 405 582 sibi
420 514 504 580 dixit
521 514 691 598 scripsisse
708 518 742 577 et
758 511 884 579 dedisse
902 533 1037 597 operam
1061 512 1095 576 in
1110 509 1309 596 Burgundio

164 631 204 690 et
229 622 356 708 Anglia
371 645 431 708 pro
447 622 653 706 expeditione
678 620 832 705 generali,
849 621 927 686 anui
952 620 1063 703 futuri,
1087 626 1202 686 contra
1225 618 1308 684 Tur-

166 753 255 814 cum,
282 731 429 810 dicimus,
455 729 542 812 quod
565 729 688 814 judicio
714 735 827 794 nostro
852 729 886 793 iu
914 728 963 794 bis
989 728 1158 794 favoribus
1190 747 1307 811 parum

169 839 373 923 sperandum
389 843 440 904 est
456 859 495 902 ex
511 835 711 921 respectibus
735 842 769 901 et
785 837 900 915 causis,
926 858 1007 918 quas
1024 857 1090 901 non
1121 835 1306 901 dubitamus

166 947 278 1032 ipsum
295 945 470 1014 Oratorem
485 966 547 1030 pro
562 967 623 1012 sua
639 945 812 1030 Sapientia
828 947 949 1030 optime
966 946 1159 1030 intelligere.

280 1052 379 1121 Circa
403 1063 530 1140 partem
555 1053 592 1120 X
617 1078 658 1120 m
683 1052 889 1134 florenorum,
905 1075 966 1139 pro
982 1054 1100 1138 quibus
1117 1054 1170 1118 bic
1185 1052 1306 1119 baben-

170 1163 233 1246 dis,
249 1183 359 1230 seeum
374 1163 452 1230 tulit
465 1164 578 1230 literas
593 1164 634 1230 R.
651 1162 840 1229 Pontifiois:
866 1162 1014 1244 dicimus,
1030 1162 1119 1247 quod
1136 1161 1306 1246 sapientis·

173 1272 275 1338 simus
300 1278 360 1354 est,
385 1279 419 1338 et
444 1271 598 1357 disponet
621 1272 655 1336 in
681 1271 752 1353 hoo,
780 1273 865 1337 sicut
890 1271 953 1338 sibi
978 1270 1153 1339 ridebitur.
1179 1269 1305 1336 Verum

172 1380 453 1446 considerantibus
479 1380 572 1446 nobis
597 1400 696 1463 grave
722 1386 756 1444 et
780 1379 996 1464 pericolosum
1022 1379 1153 1461 bellum,
1184 1379 1306 1461 inquo

173 1485 284 1572 Regia
300 1487 463 1570 Majestes
480 1493 511 1551 et
528 1509 586 1554 nos
603 1487 754 1574 impliciti
771 1509 892 1568 sumus,
908 1492 946 1552 ut
961 1489 1011 1554 ita
1027 1486 1214 1567 dixerimus,
1231 1509 1303 1552 oum

171 1595 302 1662 modica
318 1601 374 1660 aut
390 1596 481 1660 nulla
498 1617 554 1679 spe
570 1594 682 1679 auxilij
701 1593 825 1662 Summi
837 1594 1009 1661 Pontificio
1019 1601 1052 1660 et
1062 1595 1200 1661 aliorum
1217 1595 1306 1678 priu-

172 1701 282 1786 cipum
299 1701 559 1784 christianorum,
575 1725 638 1768 non
656 1703 718 1770 nisi
742 1703 878 1769 laudare
903 1723 1083 1788 possumus,
1098 1701 1185 1786 quod
1202 1703 1229 1767 si
1246 1724 1305 1786 per

172 1809 274 1876 Suam
300 1808 519 1876 Serenitatem
545 1817 579 1876 et
599 1791 662 1894 per
688 1809 760 1876 Nos
775 1810 891 1877 baberi
909 1810 1015 1896 possit
1030 1832 1095 1894 pax
1112 1809 1303 1876 conveniens

173 1939 246 1982 cum
264 1916 382 2000 Tarso,
398 1919 570 1984 autetiam
586 1917 774 1984 sufferentie
791 1919 978 2004 accipiende
996 1919 1072 2000 sint,
1088 1919 1171 1982 sicut
1188 1918 1305 1985 melius

172 2025 244 2090 fieri
268 2027 379 2110 possit.
404 2029 475 2093 Nos
501 2048 585 2107 vere,
610 2027 695 2092 sicut
721 2026 764 2092 ad
781 2033 936 2092 'mutuam
953 2028 1123 2094 caritatem
1140 2031 1174 2091 et
1188 2025 1307 2091 bonam

171 2133 322 2200 unionem
350 2141 496 2200 nostram
522 2137 673 2218 pertinet,
700 2136 760 2200 hoc
785 2135 943 2218 superiori
970 2141 1115 2218 tempore
1147 2140 1306 2219 quantum

172 2241 347 2306 habuimus
372 2243 458 2307 circa
483 2263 598 2326 pacem
623 2242 769 2308 oblatam
796 2264 854 2324 per
885 2242 1054 2326 Amarbey
1080 2263 1138 2326 per
1163 2240 1307 2308 medium

172 2347 284 2432 Bajuli
318 2348 421 2414 nostri
438 2347 664 2433 Nigropontis,
681 2357 714 2414 et
728 2349 826 2415 etiam
842 2371 901 2433 per
916 2348 1094 2415 aduentum
1120 2350 1184 2414 buc
1210 2349 1304 2414 unius

175 2455 253 2540 socij
271 2453 468 2541 Cancellarij
485 2457 561 2522 olim
578 2457 691 2542 Bajuli
707 2458 809 2522 nostri
821 2455 1130 2542 'Constantinopolis
1146 2457 1180 2520 in
1206 2458 1306 2522 eccie-

175 2569 244 2630 tate
269 2565 365 2630 unius
386 2565 488 2649 judei,
514 2566 766 2649 significavimus
792 2589 851 2650 per
874 2565 1015 2632 medium
1032 2565 1186 2633 Oratoris
1202 2566 1304 2631 nostri

174 2672 304 2757 prefato
327 2671 541 2739 Serenissimo
565 2674 660 2758 Regi,
689 2675 767 2740 licet
798 2675 1110 2741 existimavericmus
1143 2675 1203 2740 hes
1235 2696 1306 2741 esse

175 2780 217 2846 de
241 2782 401 2846 consuetis
431 2781 593 2848 simulatis
626 2782 752 2848 artibus
780 2782 889 2863 Turci,
914 2781 1044 2866 prefata
1079 2804 1208 2868 quoque
1243 2784 1306 2849 Re·

173 2889 229 2972 gia
254 2888 415 2973 Majestas
442 2911 500 2973 per
525 2890 630 2973 ipsum
657 2887 833 2954 Oratorem
859 2895 1006 2955 nostrum
1032 2889 1126 2956 uobis
1143 2890 1305 2957 notificari

173 2997 262 3076 lecit,
288 3003 446 3080 quantum
472 3019 510 3062 ex
527 3003 623 3080 parte
648 2996 749 3064 Turci
773 2997 833 3062 sibi
858 2999 1061 3082 propositum
1085 2998 1193 3064 luerat
1218 2999 1306 3065 circa

175 3105 261 3170 banc
276 3127 399 3190 paoem,
415 3105 500 3200 uude
525 3105 674 3188 dicimus,
699 3103 788 3188 quod
815 3128 903 3190 casu,
929 3127 994 3189 quo
1020 3105 1147 3174 'Porcus
1172 3106 1307 3174 realiter

175 3212 219 3278 ad
235 3229 358 3298 pacem,
374 3214 440 3278 sive
457 3213 663 3280 sufferentias
679 3214 771 3279 unite
787 3235 860 3280 cum
871 3213 939 3280 Sua
955 3213 1140 3281 Serenitate
1156 3222 1190 3281 et
1200 3215 1306 3281 nobis-

175 3344 249 3389 cum
267 3323 377 3388 venire
401 3323 509 3405 vellet,
534 3322 698 3388 videretur
714 3323 809 3390 uobis
834 3323 920 3408 quod
936 3323 981 3389 ad
997 3345 1052 3390 eas
1069 3322 1194 3390 attendi
1211 3323 1306 3390 debe·

174 3439 235 3496 ret
261 3429 316 3498 Sic
341 3431 531 3514 urgentibus
557 3433 858 3516 opportunitatibus
883 3432 1067 3517 antedictiS,
1098 3433 1184 3498 circa
1209 3455 1306 3516 quam

174 3561 244 3606 rem
260 3540 360 3606 etiam
377 3541 566 3625 scripsimus
582 3538 717 3608 Oratori
734 3547 845 3606 nostro
869 3540 956 3625 apud
982 3541 1121 3626 Regem,
1146 3546 1306 3625 quantum

174 3669 256 3733 opus
273 3669 343 3714 esec
358 3649 515 3716 novimus

284 3756 408 3822 Ultimo
425 3757 497 3822 loco
513 3756 641 3822 dicatur
658 3757 722 3840 ipsi
738 3753 885 3842 Orarori,
909 3756 997 3839 quod
1021 3757 1100 3822 licet
1125 3777 1245 3838 sumus,
1270 3763 1309 3822 ut

175 3868 299 3949 optime
314 3866 398 3931 scire
413 3871 534 3950 potest,
548 3865 769 3949 gravatissimi
785 3865 933 3949 expensis
950 3865 1043 3932 nobis
1070 3865 1200 3931 omnino
1224 3865 1307 3931 into·

173 3972 368 4038 lerabilibus
391 3981 526 4058 propter
551 3974 687 4040 classem
712 3979 867 4056 nostram,
902 3997 1000 4058 quam
1026 3974 1117 4040 novis
1139 3974 1243 4058 galeis
1274 3981 1307 4039 ct

175 4081 327 4165 gentibus
344 4081 529 4146 instaurare
546 4089 579 4147 et
594 4081 773 4148 fortificare
789 4104 848 4146 nos
864 4082 1041 4167 opportuit,
1067 4088 1100 4145 et
1115 4081 1157 4147 ob
1182 4081 1306 4146 missio·

173 4211 248 4255 nem
263 4210 423 4254 novarum
440 4190 585 4275 gentium
601 4189 645 4255 ad
659 4205 772 4274 partes
797 4189 952 4270 Albanio,
967 4189 1140 4268 Dalmacie
1163 4194 1197 4254 ct
1212 4189 1305 4271 alias,

173 4299 217 4363 ad
234 4319 317 4382 quas
332 4295 518 4364 dubitamus
535 4298 680 4365 Turcum
696 4298 856 4364 direxisse
872 4305 1009 4364 conatus
1025 4319 1110 4378 sace,
1126 4305 1159 4363 et
1174 4297 1216 4364 ob
1232 4320 1301 4364 mu·

174 4407 313 4471 nitiones
329 4403 431 4470 blada
446 4413 478 4470 et
494 4407 562 4472 alia
577 4407 732 4474 continua
747 4407 912 4489 victualia,
928 4429 992 4490 que
1008 4428 1069 4491 pro
1085 4406 1212 4472 alendis
1228 4427 1305 4491 gen-

171 4514 261 4580 tibus
286 4519 320 4580 ct
347 4514 478 4597 populis
504 4515 571 4582 illis
595 4517 716 4582 nostris
741 4517 872 4583 mittere
898 4515 991 4583 nobis
1007 4523 1056 4581 est
1072 4537 1170 4600 opus;
1186 4520 1297 4582 tamen
