3336 5258
752 308 988 356 urrnouaczrnr
1009 295 1174 352 ansanus.

922 581 998 642 285.

392 743 488 806 1480.
507 741 533 804 A
552 743 710 808 uelancaei
735 743 956 807 (illuminantes
975 743 1086 807 Laudo
1103 741 1220 828 Alojos
1235 743 1390 808 kbuettuel
1414 742 1524 806 rc'szlc·

390 863 474 916 terea
489 851 575 915 kasti
591 877 612 915 c
628 851 734 938 neplai
750 851 885 938 uzipetes
901 851 1076 916 oouutltozo'
1092 851 1346 938 birtolcjopriaolt
1368 852 1526 916 lebdrom-

391 961 478 1025 ldsdt
503 960 534 1023 ts
559 958 721 1046 diacopitd
745 959 874 1042 irotoa't,
899 961 980 1046 kopp
1005 960 1119 1025 ozolrat
1143 986 1163 1024 c
1179 983 1318 1047 mappar-
1342 959 1524 1044 lcirdlyuulc

777 1080 914 1154 lippeam
930 1069 1130 1153 eldterjcsszc.

391 1228 703 1298 MOOCOLXXX.
720 1229 774 1294 die
790 1227 917 1296 XXlI.
935 1226 1039 1314 Junij.

498 1337 558 1405 Ser
574 1337 711 1421 Aloysio
728 1336 844 1403 Laudo
864 1337 1000 1404 Oratori
1017 1343 1129 1403 nostro
1146 1339 1179 1402 in
1196 1337 1381 1422 Hnugaria.

391 1447 599 1532 bSapientes
618 1443 754 1530 Oousilij
919 1445 987 1510 Per
1012 1445 1181 1510 Donatum
1207 1445 1434 1512 Tabellarium
1467 1470 1523 1532 ap-

391 1564 410 1624 3
428 1555 602 1640 Sapientes
618 1560 640 1620 t
657 1555 678 1620 f.
874 1553 1003 1640 pulsum
1028 1560 1173 1620 restrum
1188 1554 1319 1620 Budam
1340 1553 1435 1620 nobis
1462 1557 1522 1638 sig-

390 1663 563 1747 Sapientes
583 1663 753 1732 Ordinum.
873 1662 1030 1730 nifioastis
1046 1667 1080 1727 et
1095 1662 1278 1728 absentiam
1288 1661 1523 1748 RegieMajes-

388 1773 470 1839 tatis
495 1780 529 1839 et
553 1774 681 1857 reliqna
705 1773 822 1855 omnia,
837 1793 899 1854 que
915 1777 994 1837 tunc
1009 1771 1100 1837 vobis
1125 1793 1305 1837 occurrere.
1321 1772 1443 1838 Postea
1465 1793 1523 1856 per

391 1880 579 1948 Gerardum
596 1881 777 1966 complures
794 1881 975 1965 accepimus
991 1880 1104 1946 literas
1124 1887 1248 1946 vestras
1265 1880 1391 1946 dierum
1406 1879 1522 1950 XXV.

391 1986 528 2058 XXVI.
553 1995 587 2054 et
610 1986 767 2057 XXVII.
794 1989 876 2073 Maij
908 2009 1010 2074 prope
1042 1987 1181 2070 decursi,
1212 2011 1293 2072 quas
1324 1988 1377 2053 die
1408 1988 1521 2072 quinto

389 2098 543 2162 instantis
569 2118 627 2181 per
645 2079 839 2180 Gregorium
865 2095 1059 2182 replicastis,
1077 2096 1128 2162 bis
1153 2094 1291 2182 adjectis
1316 2096 1423 2180 rebus,
1440 2119 1522 2180 quas

389 2204 483 2271 nobis
508 2204 739 2288 significandas
760 2204 973 2290 judicavistis,
997 2209 1030 2271 et
1056 2211 1197 2271 vestram
1223 2205 1424 2288 singularem
1448 2228 1523 2290 prn-

390 2314 536 2378 dentiam
559 2313 593 2377 iu
618 2314 755 2398 agendo,
771 2313 1041 2398 diligentiamque
1066 2315 1099 2379 in
1125 2313 1309 2398 scribendo,
1325 2335 1523 2398 magnopere

388 2422 580 2503 laudamus;
606 2421 740 2488 mirifice
766 2423 851 2489 enim
876 2423 1079 2491 satisfecistis
1103 2425 1183 2507 spei,
1199 2428 1232 2489 et
1247 2423 1466 2507 expectationi
1482 2424 1523 2490 de

388 2529 478 2598 vobis
505 2536 627 2612 nostre,
644 2536 676 2595 ct
691 2530 797 2597 officio
821 2531 938 2614 optimi
964 2535 997 2596 et
1022 2531 1153 2597 solertis
1170 2527 1333 2612 Oratoris‚
1350 2537 1384 2596 et
1409 2553 1449 2596 ue
1466 2531 1525 2595 mi-

388 2640 513 2724 remini,
538 2640 565 2706 si
594 2639 726 2724 quando
751 2661 772 2705 a
797 2638 891 2705 nobis
922 2639 1125 2720 discessistis,
1149 2637 1241 2705 vobis
1276 2661 1342 2704 non
1373 2637 1523 2705 dedimus

388 2747 497 2813 omnia
522 2747 582 2812 illa
607 2753 816 2814 monumenta
842 2747 963 2832 jurium
987 2755 1182 2830 nostrorum,
1199 2769 1261 2831 que
1285 2748 1446 2814 mittimus
1464 2750 1524 2814 im-

388 2857 634 2941 presentiarum,
651 2857 729 2942 quin
755 2878 819 2921 non
840 2879 878 2922 ea
894 2877 950 2922 vos
977 2857 1125 2922 misimus
1151 2855 1339 2938 intentione,
1355 2861 1392 2920 ut
1418 2855 1522 2921 vobis-

388 2986 459 3031 cum
486 2965 650 3030 veniretur
682 2965 716 3030 in
747 2965 1000 3050 disputationem
1034 2971 1066 3032 et
1092 2965 1370 3048 comparationem
1397 2965 1522 3050 jurium

388 3074 493 3159 Regio
518 3073 704 3159 Majestatis
730 3082 989 3159 nostrorumque,
1015 3073 1301 3158 presupposuimus
1328 3073 1414 3138 euim
1437 3081 1524 3158 tunc,

387 3187 423 3248 et
439 3204 499 3266 pro
525 3189 692 3266 comperto
718 3186 882 3250 tenuimus
907 3205 972 3248 non
997 3183 1066 3249 fore
1091 3182 1178 3267 apud
1193 3181 1331 3266 Regiam
1348 3180 1523 3248 Celsitndi·

390 3313 462 3356 nem
489 3291 633 3375 aliquam
661 3291 906 3374 dubitationem,
923 3291 1064 3358 insulam
1080 3289 1186 3375 Vegle
1206 3290 1249 3356 ad
1273 3312 1334 3357 nos
1345 3290 1420 3375 jure
1445 3290 1523 3374 legi-

386 3398 468 3480 timi,
485 3405 517 3465 et
533 3400 749 3466 honestissimi
774 3400 872 3483 tituli,
883 3399 1108 3484 antiquissime
1125 3399 1340 3484 possessionis
1357 3406 1519 3483 spectare,

387 3508 471 3572 sicut
486 3529 525 3573 ex
540 3507 674 3574 inclusis
690 3508 975 3576 informationibus
991 3509 1193 3591 intelligetis
1204 3509 1247 3573 ad
1262 3529 1345 3592 quas
1362 3531 1421 3573 nos
1437 3505 1518 3573 reie-

388 3622 496 3682 reutes
513 3617 633 3682 erimus
649 3616 682 3680 iu
700 3616 752 3682 his
767 3617 873 3682 literis
891 3616 1066 3698 breviores,
1082 3617 1140 3682 sed
1167 3639 1222 3683 vos
1247 3617 1402 3699 misimus,
1420 3622 1457 3681 ut
1481 3617 1521 3681 dc

387 3725 497 3809 Regio
523 3723 705 3808 Capitoneo
730 3726 839 3808 potius
876 3725 1136 3810 expostularetis,
1162 3726 1218 3809 qui
1249 3722 1392 3790 violenta
1423 3747 1522 3790 mann

386 3835 623 3920 possessiouem
640 3832 808 3900 turbasset
824 3840 987 3915 nostram;
1008 3841 1041 3899 et
1057 3835 1161 3919 Regio
1188 3832 1391 3900 Sublimitati
1416 3833 1522 3900 decla-

386 3944 508 4010 raretis
540 3941 697 4026 optimam
728 3949 874 4009 nostram
905 3943 1129 4026 intentionem,
1155 3951 1188 4009 et
1214 3942 1430 4028 desyderium,
1455 3965 1521 4008 nou

388 4053 540 4119 obstante
559 4050 735 4136 Capitonei
761 4053 809 4117 sui
835 4052 995 4137 injuriosa
1021 4053 1197 4130 invasione,
1223 4058 1257 4118 et
1282 4049 1523 4135 honestissima,

386 4161 685 4243 humanissimaque
706 4165 819 4225 nostra
844 4160 1116 4245 propugnatione,
1133 4161 1251 4245 quiete,
1268 4164 1393 4243 pacate,
1420 4165 1521 4242 atque

387 4269 470 4335 adso
487 4269 599 4351 amice,
615 4274 648 4333 et
664 4269 835 4353 conjuncte
861 4289 970 4334 secum
986 4269 1123 4334 vivendi.
1140 4267 1204 4336 Sed
1221 4272 1398 4351 postquam
1416 4267 1522 4351 Regio

385 4378 558 4462 Majestati
585 4382 618 4441 et
643 4376 708 4441 suis
725 4379 829 4441 visum
855 4384 905 4443 est
928 4377 1126 4444 descendere
1152 4378 1185 4442 in
1203 4375 1287 4442 hanc
1312 4375 1436 4460 jurium
1456 4376 1522 4442 dis·

387 4485 615 4574 captationem,
646 4485 854 4573 sperantibus
885 4485 971 4554 forte
996 4487 1029 4556 iu
1056 4487 1140 4556 actis
1175 4491 1287 4558 nostre
1315 4481 1524 4576 cancellario,
