3336 5258
677 379 771 440 1479.
1221 379 1284 444 389

147 559 252 642 Regie
278 557 450 639 declarate,
475 563 601 624 turrem
627 558 733 639 ipsum
759 555 801 620 ad
827 555 952 619 nullum
979 555 1087 618 omnic
1113 554 1285 622 comodum

148 665 353 732 subditorum
379 688 510 732 suorum
536 670 653 730 contra
671 664 797 730 anccs
823 685 919 748 posse
943 665 1111 746 inservire,
1129 665 1186 730 scd
1203 664 1285 731 bene

149 779 310 860 queritari
326 797 385 862 per
402 775 491 841 illius
508 775 651 840 medium
676 774 885 840 incomodare
902 774 1093 857 aliqualiter
1109 774 1285 840 transitum

149 885 354 953 subditorum
380 891 566 950 nostrorum
591 885 634 949 ad
659 883 848 949 molendina
874 905 941 964 sua,
962 889 997 949 et
1013 903 1077 947 unc
1093 883 1191 950 verbo
1217 883 1286 948 nul·

149 997 220 1061 lum
236 994 336 1060 alium
353 1014 424 1058 esse
440 993 535 1058 finem
553 993 641 1058 illius
657 993 770 1057 fratris
787 999 819 1056 et
835 994 884 1056 sui
905 993 1067 1072 similium,
1084 1013 1183 1074 quam
1198 991 1285 1056 inter

150 1104 292 1186 Regiam
317 1100 559 1167 Sublimitatem
585 1107 618 1165 et
643 1121 702 1165 nos
733 1107 767 1166 et
797 1099 967 1184 utriusque
1000 1099 1149 1166 subditos
1175 1117 1284 1164 serere

150 1213 356 1278 occasionem
382 1207 619 1289 scandalorum,
636 1215 669 1275 et
684 1209 789 1293 Regie
814 1210 972 1292 sapientie
989 1211 1210 1293 etgravitatis
1237 1216 1287 1277 est

151 1341 217 1385 uon
232 1324 382 1403 prestare
397 1318 582 1402 hujusmodi
610 1319 688 1383 viris
715 1339 818 1400 aures,
836 1317 893 1384 sed
918 1320 1052 1403 majoris
1076 1317 1183 1383 facere
1209 1318 1287 1383 ami-

149 1430 263 1494 citiam
289 1431 437 1494 ucstram
463 1433 496 1491 et
520 1433 667 1492 mutuam
693 1427 898 1492 subditorum
928 1427 1079 1510 quietem,
1096 1447 1192 1510 quam
1217 1426 1288 1492 illo·

153 1559 226 1602 rum
243 1541 454 1613 tentamenta,
470 1537 553 1600 sicut
568 1557 626 1600 nos
641 1537 778 1603 facimus
794 1535 981 1616 factorique
998 1556 1118 1615 sumna,
1135 1555 1288 1617 procura·

150 1653 260 1728 teque,
291 1649 328 1708 ut
352 1643 458 1725 Regia
484 1641 675 1708 Sublimitas
708 1649 862 1708 contenta
894 1664 964 1708 esse
990 1643 1079 1724 volit,
1104 1641 1226 1724 nequid
1254 1645 1287 1708 in

150 1754 302 1839 partibus
317 1751 384 1816 illis
409 1753 483 1816 nori
509 1751 567 1817 fiat
593 1759 626 1816 ot
652 1753 698 1816 sic
724 1753 862 1835 imperet
877 1758 946 1816 tam
966 1752 1071 1818 sratro
1088 1749 1289 1816 Alexandro,

152 1885 253 1946 quam
280 1861 400 1942 quibus
426 1861 524 1925 fuerit
550 1861 784 1941 necessarium3
817 1861 874 1924 sed
898 1860 1092 1942 humaniter,
1119 1862 1229 1943 quiete
1256 1867 1288 1925 et

152 1971 257 2036 amice
275 1991 347 2034 cum
365 1969 486 2033 nostris
503 1969 644 2032 ricinent
671 1975 703 2032 ct
720 1973 838 2049 vivant,
855 1968 940 2033 sicut
959 1970 1064 2033 nostri
1086 1991 1158 2034 cum
1174 1969 1288 2052 Regiis

154 2077 276 2144 facturi
290 2076 384 2160 jussu
401 2081 434 2140 et
450 2076 656 2159 impositione
673 2083 786 2143 ncstra
802 2083 888 2142 sunt.

261 2185 313 2249 De
329 2189 424 2267 parte
524 2220 567 2230 -
615 2188 687 2248 133.

261 2295 313 2358 De
329 2315 394 2358 non
520 2329 564 2338 -
657 2298 686 2356 0.

261 2400 339 2466 Nou
357 2401 472 2466 sinceri
519 2439 562 2448 -
655 2407 684 2466 0.

263 2565 420 2627 (Velcnczei
434 2563 622 2629 dlanrkiinyv.)

159 3129 255 3192 1479.
288 3129 317 3190 A
353 3126 503 3190 releaczei
534 3126 754 3190 ‹tllcmtcndce
792 3128 987 3190 dctdrozato
1024 3129 1291 3212 mapparcreza‘qa'

158 3239 264 3303 larvea
290 3235 422 3314 reazdre,
447 3259 468 3298 a
485 3234 626 3299 ttirdlclcel
654 3235 750 3300 keren
775 3236 913 3299 be'lcdaelc
937 3233 1196 3321 mopiamertete'se
1221 3237 1254 3300 c's
1270 3261 1292 3300 a

383 3342 498 3428 kiraly
514 3344 609 3408 terat
624 3345 854 3410 tartdzkcdc'sa
870 3345 1063 3431 trirqydbca.

156 3501 548 3572 MOOOCLXXVIIII.
566 3506 616 3570 die
635 3503 720 3571 XX.
736 3505 874 3588 Aprilis.

159 3611 368 3696 3Sapicutes
387 3609 524 3697 Ooosilij
634 3614 732 3678 Facit
763 3635 823 3696 pro
862 3617 975 3677 nostro
1006 3611 1164 3677 Dominio
1193 3633 1294 3677 causa

160 3725 179 3784 3
198 3719 371 3804 Sapientes
386 3725 409 3783 t.
424 3717 444 3783 l.
591 3719 812 3787 conservande
828 3719 920 3802 pacis
940 3720 1021 3785 inite
1047 3741 1120 3785 cum
1135 3719 1295 3785 Illustris-

158 3832 241 3895 simo
267 3813 717 3914 Turchorrinr—fmperatore,
734 3828 851 3894 tollere
869 3849 885 3891 e
903 3828 1009 3893 medic
1034 3849 1073 3893 ea
1098 3830 1216 3911 omnia,
1232 3851 1296 3912 que

160 3939 231 4024 ejus
248 3937 454 4004 Excellentie
471 3937 615 4020 aliquam
636 3937 850 4020 suspicionem
877 3935 917 4000 de
942 3935 1036 4002 nobis
1053 3943 1186 4019 possent
1201 3936 1298 4002 indu-

160 4071 243 4132 cere,
260 4049 414 4132 quocirca
439 4049 530 4114 radit
545 4070 640 4133 pars:
658 4049 746 4130 quod
770 4045 934 4112 scribatur
952 4051 983 4111 et
999 4046 1171 4111 mandetur
1187 4050 1297 4112 aucto-

160 4159 261 4224 ritate
284 4159 381 4244 hujus
398 4155 537 4243 Oonsilij
555 4153 689 4222 Oratori
715 4163 826 4222 nostro
853 4157 887 4220 in
904 4155 1088 4239 Huugaria,
1105 4160 1141 4220 ut
1167 4159 1298 4238 sumpta

162 4275 262 4352 grata
287 4267 423 4332 licentia
450 4267 492 4333 ab
510 4265 724 4332 Serenissimo
741 4265 783 4329 D.
799 4266 902 4348 Rege,
919 4265 945 4328 si
965 4284 1097 4348 presens
1123 4263 1231 4345 suerit,
1255 4262 1298 4327 ad

160 4382 308 4442 nostram
324 4375 438 4442 redeat
464 4374 664 4459 presentiam
690 4373 729 4438 de
756 4373 904 4439 omnibns
931 4371 1175 4438 occurrentibus
1194 4375 1297 4456 parti·

161 4485 318 4551 culariter
348 4486 539 4566 instructus,
564 4483 621 4549 sed
651 4484 679 4549 si
705 4483 775 4567 ejus
792 4479 952 4566 Majestas
983 4480 1126 4546 aBuda
1156 4479 1297 4560 abesset,

159 4594 278 4664 itinere
294 4593 388 4663 unius
405 4599 462 4664 aut
478 4593 618 4662 alterius
638 4591 714 4674 diei,
731 4589 878 4658 conferre
895 4612 928 4656 sc
946 4590 1064 4659 debeat
1082 4589 1123 4658 ad
1139 4590 1208 4677 ejus
1225 4611 1296 4677 pre·
