3340 5260
400 329 465 390 2111
747 345 980 390 0000000000
1001 332 1168 390 suntrana.

397 513 486 570 resto
510 505 660 570 advisato
687 501 726 569 de
751 505 783 570 la
808 511 942 570 tornata
966 505 1006 570 de
1034 525 1108 570 essa
1142 502 1265 570 Vestra
1292 503 1534 586 8130001ορ00-

398 613 515 678 Zenoa
529 619 562 676 et
578 615 684 679 inteso
701 619 823 696 quanto
839 635 897 697 per
914 635 977 682 uno
1003 613 1187 696 postcripta
1214 613 1336 679 Vestra
1362 611 1535 676 Excellen-

397 721 447 786 tia
463 742 515 786 me
530 723 641 806 scrire,
659 722 739 804 dice,
755 721 815 786 che
831 742 890 804 per
906 721 969 786 mie
986 722 1071 786 altrc
1096 720 1158 785 due
1176 719 1300 786 Vestra
1325 720 1536 785 Excellentia

399 829 440 894 he
466 837 519 895 sta
546 830 698 896 advisata
724 831 764 896 de
790 832 824 896 la
849 851 932 894 nova
958 831 1024 912 liga
1041 835 1094 894 tra
1111 829 1144 894 la
1161 829 1268 912 Regia
1284 829 1432 914 Majesta
1448 837 1482 893 01
1500 824 1533 891 10

399 937 554 1022 Signoria
571 947 604 1004 et
621 941 661 1006 de
677 941 710 1006 la
727 940 930 1006 continentia
947 947 980 1004 et
996 939 1229 1022 publicatione,
1247 939 1288 1003 de
1305 939 1462 1020 quellala
1473 959 1533 1018 000

398 1047 621 1131 publicatione
637 1056 692 1114 sta
710 1047 912 1132 adverbum,
930 1069 1022 1114 corno
1039 1048 1071 1112 lo
1096 1048 1219 1131 scripta
1245 1069 1306 1113 con
1323 1047 1373 1126 sit,
1391 1045 1450 1110 che
1477 1067 1536 1128 per

398 1157 559 1222 mezanita
576 1157 628 1222 del
647 1157 739 1241 Papa
756 1157 795 1240 sij
814 1165 866 1222 sta
885 1163 1056 1222 contracto
1083 1155 1152 1242 liga
1177 1157 1359 1222 universale
1375 1157 1410 1220 in
1427 1154 1534 1219 Italia

397 1271 431 1330 et
447 1265 486 1348 sij
504 1286 564 1348 per
578 1265 609 1330 le
626 1266 788 1349 pottentie
804 1265 915 1331 italice
940 1272 1115 1350 acceptata
1138 1288 1157 1330 a
1183 1263 1245 1330 fine
1271 1265 1311 1330 de
1338 1269 1434 1348 poter
1460 1285 1535 1345 pro-

397 1373 527 1458 pulsare
554 1375 587 1440 la
614 1395 744 1458 guerra,
767 1373 801 1440 10
826 1373 858 1439 10
883 1373 1082 1440 imanissirno
1107 1373 1232 1456 turcho,
1259 1373 1300 1440 he
1327 1373 1461 1457 piazuto
1478 1371 1534 1436 ala

398 1481 507 1566 Regia
522 1483 666 1568 Majesta
683 1491 716 1549 et
731 1484 785 1549 ala
796 1481 949 1568 Signoria
960 1487 1154 1550 contrahere
1172 1505 1253 1548 nora
1272 1481 1496 1564 intelligentia
1514 1502 1531 1544 e

401 1591 470 1673 liga
486 1613 506 1655 a
523 1591 710 1658 defensione
728 1591 767 1656 de
785 1594 913 1658 comuni
931 1595 1019 1674 stati,
1036 1593 1076 1657 de
1088 1593 1115 1658 si
1132 1599 1164 1656 01
1173 1593 1245 1657 1000
1256 1591 1389 1673 coligati
1408 1592 1535 1655 010100-

399 1695 547 1764 mandati
565 1702 633 1765 cusi
650 1701 684 1766 in
701 1701 812 1782 Italia,
829 1723 922 1768 como
939 1701 991 1766 for
1007 1701 1048 1766 de
1063 1701 1165 1767 Italia
1191 1707 1304 1767 contro
1330 1701 1361 1766 lo
1388 1697 1535 1793 Tarcho

398 1806 550 1874 lassando
576 1809 608 1875 lo
634 1808 727 1876 locho
754 1833 774 1876 a
799 1809 927 1876 caduna
954 1811 1042 1877 altra
1067 1811 1237 1876 Pollentia
1264 1810 1304 1874 de
1320 1811 1426 1874 intrar
1442 1808 1534 1874 dicta

396 1915 465 2000 liga
480 1924 542 1982 etc.
559 1915 685 2001 Questa
700 1919 742 1982 he
759 1920 792 1984 in
808 1942 934 1985 summa
949 1925 1022 1986 1010
1037 1920 1070 1986 10
1087 1919 1296 2002 continentia,
1319 1918 1353 1984 la
1369 1917 1449 2002 qual
1465 1939 1531 1982 non

397 2027 541 2110 manday
557 2048 615 2110 per
630 2026 664 2092 la
680 2030 747 2094 mia
764 2029 870 2112 prima
893 2029 920 2093 si
946 2029 1220 2111 distinctamente,
1244 2026 1362 2112 perche
1390 2049 1440 2092 me
1465 2047 1532 2090 crc-

400 2131 463 2198 dea
480 2136 707 2220 sicuramente,
724 2135 784 2202 che
801 2138 835 2202 la
852 2135 1000 2222 Majesta
1016 2136 1069 2202 del
1084 2135 1135 2202 Re
1160 2159 1225 2202 000
1242 2135 1359 2201 havese
1376 2135 1531 2201 conclusa

398 2241 447 2306 tal
464 2241 603 2308 tacenda
619 2246 660 2310 de
675 2249 771 2310 tanta
787 2245 1001 2328 importantia
1017 2243 1345 2328 senzapartipatione
1356 2243 1397 2309 de
1408 2240 1533 2312 Vestra

398 2345 612 2436 Oelsitudino,
628 2359 737 2418 100000
748 2354 782 2418 10
791 2353 934 2438 manday
944 2374 1006 2437 poy
1016 2375 1075 2438 per
1084 2355 1114 2418 10
1125 2354 1188 2418 mie
1199 2351 1336 2418 seconde
1346 2351 1461 2418 littere
1474 2372 1533 2417 ora

397 2457 470 2524 faro
486 2459 528 2526 de
542 2461 712 2527 intendere
729 2463 785 2546 piu
801 2462 938 2546 01100,Βί
955 2462 978 2526 li
994 2483 1069 2527 sera
1080 2483 1155 2528 cosa
1165 2461 1282 2527 alcuna
1292 2461 1435 2544 l’atente,
1446 2461 1530 2527 bene

397 2569 526 2634 ricorde
542 2591 563 2635 a
579 2567 703 2639 Vestra
720 2568 876 2654 Signoria
892 2570 1011 2654 quello,
1028 2571 1087 2636 che
1103 2573 1160 2654 piu
1177 2571 1262 2636 volte
1286 2576 1378 2636 motu
1395 2571 1530 2654 proprio

397 2677 507 2743 maha
523 2677 620 2762 dicto,
631 2678 689 2745 che
704 2679 729 2744 il
746 2680 885 2764 spender
901 2681 1058 2746 duecento
1075 2681 1117 2746 ho
1133 2687 1281 2746 trecento
1292 2679 1404 2746 ducati
1422 2681 1531 2744 l’anno

395 2786 429 2850 in
445 2793 576 2852 retener
591 2787 617 2852 li
634 2788 740 2871 amici,
751 2787 792 2852 hc
808 2787 894 2853 bona
904 2809 999 2872 spesa
1009 2789 1215 2873 nondimeno,
1225 2811 1289 2854 non
1302 2789 1400 2854 dicho
1412 2797 1530 2872 questo

397 2894 425 2958 si
439 2915 506 2959 non
520 2915 580 2978 per
593 2895 725 2961 ricorde
741 2897 773 2961 io
790 2903 913 2980 quanto
930 2896 960 2960 le
976 2898 1038 2962 mie
1054 2897 1141 2964 forae
1159 2897 1186 2964 si
1211 2898 1443 2979 extenderano,
1465 2919 1528 2962 non

397 3001 422 3067 li
437 3001 616 3068 mancharo
632 3003 672 3070 de
690 3003 896 3070 solicitudine
915 3011 948 3070 01
964 3005 1096 3072 10110100.

508 3109 636 3196 Questa
650 3114 776 3178 matina
792 3113 929 3180 essendo
946 3114 1032 3180 stb..
1064 3164 1071 3179 .
1102 3166 1108 3180 .
1139 3163 1146 3180 .

504 3217 552 3284 Al
577 3217 664 3286 facto
690 3220 743 3284 del
770 3219 900 3287 Tarcho
926 3223 980 3304 ogi
1005 3229 1095 3288 terzo
1121 3223 1155 3287 di
1180 3243 1261 3288 veno
1287 3243 1351 3288 nno
1368 3223 1462 3306 gripo
1480 3224 1523 3288 da

396 3323 552 3410 Modone,
569 3327 651 3392 dove
677 3329 710 3393 la
728 3326 883 3410 Signoria
900 3329 940 3393 he
956 3325 1115 3412 advisata,
1132 3352 1222 3396 corne
1247 3352 1325 3396 sono
1350 3338 1445 3396 usate
1475 3333 1528 3396 dol

397 3444 518 3504 strecto
535 3438 575 3502 de
592 3438 755 3504 Romania
770 3439 856 3521 30110
873 3439 1040 3507 LXVIII.
1058 3448 1091 3506 01
1107 3440 1194 3506 fuste
1219 3439 1371 3506 LXXX.
1393 3441 1433 3505 de
1459 3447 1530 3506 tur·

397 3545 458 3624 chi,
475 3546 571 3628 quale
588 3566 687 3610 erano
703 3567 723 3610 a
739 3544 901 3612 Metaliuo
919 3553 952 3611 01
968 3547 1001 3611 10
1016 3546 1145 3630 prefata
1163 3545 1315 3631 Signoria
1342 3547 1460 3614 dubita
1487 3549 1527 3615 de

396 3653 428 3718 10
438 3654 509 3719 loro
520 3654 606 3736 30110
617 3653 657 3718 de
667 3655 792 3737 Beruti‚
805 3653 845 3718 de
856 3655 963 3738 quelle
974 3655 1014 3720 de
1026 3653 1231 3723 Alexandria
1247 3678 1311 3723 non
1327 3679 1414 3722 anno
1435 3663 1529 3724 10010

399 3762 506 3844 dubio,
517 3762 787 3846 perchecredano
799 3764 831 3829 al
842 3763 894 3828 die
906 3762 945 3830 de
957 3766 1010 3848 ogi
1021 3767 1077 3850 gia
1087 3767 1181 3832 siano
1192 3767 1233 3832 ho
1248 3768 1282 3832 in
1290 3765 1427 3850 Gaudia,
1438 3767 1481 3831 ho
1492 3768 1526 3832 10

397 3869 491 3936 locho
508 3870 624 3952 sicuro,
640 3871 675 3936 la
690 3871 884 3954 provisione,
901 3872 959 3936 che
978 3873 1017 3938 de
1034 3881 1187 3956 presente
1203 3873 1238 3940 fa
1250 3876 1284 3940 la
1296 3873 1450 3959 Signoria
1467 3896 1527 3958 per

396 3979 506 4062 riparo
524 3978 564 4042 de
582 3984 696 4060 queste
712 3978 799 4062 30110
814 3978 1009 4062 turcheschi,
1027 4003 1089 4048 ano
1106 3983 1264 4049 mandato
1280 3986 1333 4050 uia
1348 3985 1379 4050 le
1406 3989 1528 4067 quatro

397 4107 487 4168 nave,
504 4108 603 4152 erano
621 4087 672 4152 for
686 4088 729 4153 da
744 4087 768 4152 li
794 4087 920 4170 castoli,
938 4097 968 4154 et
985 4093 1058 4155 tuta
1074 4093 1126 4158 via
1142 4115 1223 4160 vano
1242 4093 1400 4160 armando
1428 4095 1528 4179 30110,

396 4215 450 4259 ma
474 4193 519 4258 fin
543 4195 627 4260 hora
651 4195 684 4260 in
709 4201 782 4261 1010
809 4203 924 4278 questo
950 4219 1035 4263 anno
1059 4221 1123 4264 000
1140 4199 1227 4267 hano
1243 4203 1399 4268 mandato
1416 4203 1443 4269 si
1460 4227 1529 4270 non

396 4309 470 4369 octo
495 4307 528 4367 et
552 4323 636 4369 vano
653 4304 786 4385 silenti,
810 4305 928 4388 perche
944 4328 1008 4372 non
1025 4329 1105 4374 sano
1122 4309 1180 4374 che
1195 4309 1265 4375 sare
1283 4311 1325 4376 da
1342 4333 1406 4378 uno
1424 4319 1531 4395 00010,

396 4431 536 4494 sperano
551 4432 613 4494 pur
630 4411 669 4478 de
685 4433 764 4496 pace
781 4411 888 4478 00010
905 4413 1022 4480 turcho
1039 4421 1072 4480 et
1088 4415 1121 4481 la
1137 4415 1261 4499 grande
1286 4420 1395 4501 voglia
1420 4442 1486 4486 non
1502 4422 1529 4486 li

395 4518 484 4588 lassa
499 4541 679 4604 conoscere,
697 4523 766 4587 chel
783 4523 806 4586 li
824 4520 942 4604 delean,
960 4523 1014 4590 dal
1031 4525 1116 4592 altro
1132 4534 1229 4594 canto
1254 4549 1434 4598 conosceno
1460 4551 1529 4598 non
