3356 5266
687 816 739 877 88.

148 1001 249 1065 1469.
276 999 306 1062 A
331 997 483 1063 veleaezea'
507 996 725 1061 ollamreuctcs
757 993 884 1074 leiloetc't,
917 990 1041 1057 Sancto
1067 991 1235 1054 Ferenczet
1260 1014 1281 1054 a

311 1105 440 1171 tliriikolt
449 1103 620 1190 ferryepetli
637 1103 719 1167 tadi
734 1100 981 1189 mozpclmuirol
997 1099 1129 1164 66166111.

146 1283 497 1353 MOCOOLXVIHI.
514 1281 565 1346 die
582 1279 700 1348 XXV.
717 1277 812 1364 Julij.

257 1389 319 1458 Ser
334 1391 512 1457 Francisco
529 1389 663 1471 Sanuto,
674 1387 810 1456 Oratori
825 1393 935 1452 nostro
952 1386 995 1452 ad
1012 1383 1179 1451 Summum
1197 1384 1282 1450 Pon-

162 1499 278 1565 itioem.
948 1558 956 1570 ,

256 1603 308 1672 De
325 1603 488 1672 Gentibus
504 1606 646 1686 Nostris,
664 1625 744 1688 quas
759 1609 852 1670 tram
876 1601 1005 1669 Padum
1031 1602 1162 1667 mittere
1187 1600 1284 1666 debe·

148 1715 273 1796 bamus,
290 1721 466 1798 antequam
481 1714 596 1780 literas
614 1719 738 1779 vestras
757 1712 985 1798 acciperemus
1001 1710 1234 1794 scripseramus
1250 1715 1284 1773 et

147 1824 431 1890 declaraveramus
446 1824 664 1890 necessariam
681 1844 812 1890 causam
828 1819 1018 1887 diversionis
1039 1841 1151 1884 earum
1167 1819 1208 1884 de
1233 1818 1285 1883 via

148 1931 191 1998 ob
208 1931 411 2016 repentinum
428 1935 463 1996 et
478 1931 720 2015 inexpectatum
736 1931 909 1996 adventum
920 1928 1123 1994 Turohorum
1140 1926 1183 1992 ad
1198 1927 1285 1993 fores

147 2039 249 2106 Italis
266 2044 299 2104 et
315 2038 456 2105 confinia
471 2038 711 2122 provinciarum
727 2043 914 2104 nostrarum
930 2035 1058 2102 Histrie
1074 2041 1106 2101 et
1122 2034 1285 2119 Forijulii,

148 2146 255 2212 incole
279 2167 419 2232 quarum
450 2167 523 2211 cum
549 2167 660 2212 eorum
685 2145 851 2212 familiolis
877 2151 910 2210 et
941 2143 1080 2209 fortunis
1106 2142 1285 2208 incastris

148 2237 512 2338 receptistrepidantes,
528 2255 562 2319 in
578 2253 700 2322 eisdem
715 2276 749 2320 se
765 2259 853 2320 tutos
868 2253 1003 2318 minime
1029 2256 1188 2334 tenentes,
1213 2272 1286 2317 nos·

148 2371 240 2428 trum
248 2363 476 2446 patrocinium,
491 2362 711 2430 defensionem
726 2361 948 2449 implorabant
964 2367 997 2426 et
1007 2359 1154 2443 quotidie
1170 2359 1285 2443 implo-
1323 2351 1327 2362 '

147 2493 225 2537 rare
238 2493 303 2537 non
314 2471 474 2552 desinunt,
484 2491 544 2556 pro
555 2477 644 2538 certo
660 2479 807 2539 tenentes
818 2493 874 2537 eos
891 2471 1039 2538 Turchos
1054 2469 1171 2553 majori
1187 2487 1286 2532 manu

149 2580 193 2646 ad
210 2600 323 2644 eorum
339 2580 458 2645 damna
473 2599 669 2661 reversuros,
694 2580 870 2665 cupiditate
886 2578 926 2644 de
942 2579 1072 2662 integro
1088 2573 1286 2642 invadenda-

149 2709 222 2752 rum
254 2685 414 2770 ejusmodi
444 2688 695 2772 provinciarum,
722 2689 855 2773 jamque
885 2687 919 2752 in
949 2685 1091 2751 Bossina
1129 2703 1285 2768 magnum

148 2815 261 2861 eorum
277 2814 447 2860 numerum
463 2794 650 2860 convenisse
666 2816 726 2880 pro
742 2801 830 2860 certo
849 2794 1022 2862 habentur.

261 2956 419 3018 (Velenezei
438 2957 621 3022 allamlrtnyv
641 2960 727 3020 37.1.)

697 3375 749 3438 89.

150 3556 249 3620 1469.
268 3551 296 3617 A
313 3554 465 3620 celenczer'
489 3553 706 3618 attaminatos
731 3577 760 3618 a·
778 3553 916 3639 Sapaioi
939 3552 1055 3641 prosola
1079 3553 1288 3640 166169666-

149 3665 265 3751 kirtly
288 3665 357 3730 lto'zt
372 3663 526 3749 fosforpo'
540 3663 681 3751 appelare
707 3663 873 3729 kiivelc'celt
888 3663 1040 3727 musitae
1056 3661 1100 3725 ad
1109 3685 1123 3744 ‚·
1140 3682 1287 3747 rlpyaoez

314 3772 436 3858 cyphos
452 3797 474 3837 a
491 3773 579 3838 ktvet
594 3773 807 3859 mepbizottjcit
823 3771 959 3836 leoc'lben
975 3770 1126 3854 retasttja.

150 3947 502 4019 MOOOOLXVIIII.
519 3951 572 4018 die
588 3947 668 4020 VII.
684 3949 842 4035 Augusti.

262 4075 323 4144 Ser
337 4075 478 4144 Nicolao
493 4076 647 4160 Michael‚
672 4075 820 4158 Doctori‚
845 4077 983 4144 Oratori
1009 4081 1123 4142 nostro
1150 4072 1193 4140 ad
1215 4095 1283 4157 par·

151 4191 204 4253 tes
222 4183 338 4272 Segne.

263 4291 420 4380 Acceptis
451 4300 485 4361 et
515 4295 689 4362 intellectis
713 4295 835 4361 litteris
860 4295 977 4362 vestris
1002 4314 1061 4377 per
1089 4313 1170 4376 quas
1202 4292 1288 4356 inter

152 4409 264 4470 cetera
279 4404 373 4470 nobis
389 4403 532 4470 scribitis
548 4404 588 4471 de
604 4405 701 4473 rebus
716 4405 821 4485 istinc,
838 4410 871 4470 et
887 4403 1059 4487 presertim
1084 4402 1124 4467 de
1150 4402 1291 4467 istorum

151 4511 406 4601 Magnifieomm
421 4510 638 4584 Dominorum
662 4511 835 4594 desiderio,
860 4510 947 4596 quod
973 4515 1068 4594 esset,
1083 4514 1120 4575 ut
1135 4531 1194 4596 per
1209 4530 1292 4580 uun·
