3340 5260
678 294 773 356 1470.
1230 297 1295 360 183

165 466 273 550 efiolj,
300 491 390 534 como
416 492 491 536 vero
517 492 533 535 e
560 470 642 536 sedel
669 470 866 552 cln·istiano;
892 472 946 537 ala
971 475 1048 557 qual
1074 497 1148 542 cosa
1175 485 1297 561 qnanto

165 578 267 642 siamo
283 577 393 662 pronti
410 585 441 644 et
464 579 620 663 inclinati,
644 580 690 662 gli
716 581 939 646 ambassadori
965 583 1054 648 della
1079 585 1208 667 prefata
1232 585 1297 652 Re·

163 687 242 769 gina
261 686 465 768 riferiranno,
493 710 564 753 cnm
591 688 623 754 lo
649 690 770 755 anxilio
796 689 884 755 della
910 689 1059 757 Sanctita
1075 693 1130 758 del
1146 695 1240 779 Papa
1263 703 1296 762 et

162 795 242 858 altri
258 795 281 858 li
296 801 500 877 prestaremo
526 798 591 862 talc
618 798 707 881 ajuto
733 805 764 862 et
790 797 908 882 lavore,
935 800 993 864 che
1020 799 1088 866 Sua
1113 802 1247 868 Maesta
1264 811 1296 868 et

163 904 266 968 anche
291 902 416 970 Vestra
445 903 597 987 Signoria
623 906 793 972 intendera
818 907 871 972 noi
905 929 1012 973 essere
1038 911 1168 975 catolici
1200 919 1232 976 et
1262 913 1296 975 in

162 1011 268 1076 similo
285 1011 454 1077 infortunii
472 1019 504 1077 et
520 1015 586 1078 easi
603 1015 862 1082 misericordiosi.
879 1015 943 1080 Etc
946 1065 1150 1084 ..........

271 1176 397 1238 (nilanoi
411 1177 571 1240 dllamltr'rm)

694 1449 768 1510 129.

163 1609 546 1697 la7rt.af01·rtaGaleaz
571 1612 685 1676 Maria
704 1611 843 1674 milcinc'c'
865 1613 992 1698 berczep
1021 1615 1150 1677 odlaaza
1176 1637 1195 1674 o
1214 1615 1295 1678 bosa-

159 1721 235 1784 nini
251 1720 472 1806 lcirdlync'nnlr
499 1745 519 1783 a
545 1720 737 1805 sepelyke're's
762 1721 953 1805 tclrpyridnn,
977 1746 997 1784 a
1015 1721 1157 1784 birriltc's
1184 1723 1295 1786 eaelc'rc

539 1850 605 1890 ezer
620 1838 765 1913 aronyat
786 1829 922 1912 ipdroe'rr.

594 1987 720 2071 Regino
736 1989 868 2054 Bosine.

744 2097 927 2162 Mediolani
943 2097 989 2162 X.
1007 2096 1129 2181 Agosti
1150 2101 1246 2164 1470.

272 2205 492 2288 Cognovimns
509 2228 567 2289 per
583 2207 697 2270 literas
715 2205 835 2271 Vestre
853 2205 1080 2286 Sublimitatis,
1100 2207 1297 2273 andivimus·

161 2337 226 2397 quc
253 2315 295 2378 ab
322 2315 464 2398 ejusdem
491 2313 687 2380 Oratoribus
715 2313 845 2380 Comite
870 2315 988 2381 Nicolo
1015 2322 1048 2379 et
1064 2315 1245 2399 Abraham,
1262 2318 1296 2382 in

159 2445 260 2507 quam
286 2423 437 2488 miseram
465 2423 628 2488 fortunam
653 2424 756 2507 ipsius
782 2421 1003 2488 Sublimitatis
1037 2426 1210 2507 progenies
1242 2424 1296 2489 de-

159 2531 260 2596 ducta
277 2537 370 2612 esset,
389 2531 476 2614 qnod
491 2530 611 2596 liberos
629 2531 709 2596 dnos
724 2532 768 2596 ad
785 2531 961 2613 regendum
978 2537 1176 2615 procreatos,
1186 2555 1295 2600 servos

159 2641 222 2707 sub
238 2645 349 2705 nostre
373 2637 540 2720 religionis
566 2638 783 2704 infensissimo
810 2639 941 2704 anclro
967 2646 1193 2722 permanentes
1209 2640 1296 2707 serre

158 2757 316 2832 cogatur·;
342 2755 441 2831 atque
467 2769 523 2813 eas
550 2749 647 2813 etiarn
679 2749 883 2814 calamitates
909 2749 1078 2830 sustinere,
1109 2770 1172 2832 que
1203 2750 1296 2815 nobis

158 2857 360 2940 amplissime
375 2857 417 2922 ab
434 2854 572 2922 hiisdem
588 2857 724 2939 legatis
740 2858 844 2922 relate
861 2857 1011 2938 luerunt3
1037 2855 1152 2941 quibus
1177 2857 1238 2921 etsi
1262 2858 1297 2921 in

157 2964 442 3032 commissionibus
459 2966 525 3032 suis
541 2966 699 3032 latissime
716 2966 980 3049 responderimus
997 2972 1030 3030 et
1045 2987 1103 3030 nos
1128 2972 1296 3048 promptos

157 3097 218 3158 pro
247 3074 378 3138 illorum
410 3071 629 3156 redemptione
661 3075 908 3157 ostenderimus,
940 3074 1089 3138 volumus
1122 3080 1232 3138 tamen
1264 3081 1296 3139 et

156 3183 264 3247 literis
280 3203 338 3264 per
355 3181 484 3246 eosdem
508 3181 654 3247 Nuntios
670 3179 825 3250 Vestram
852 3180 1098 3248 Sublimitatem
1124 3183 1296 3248 certiorem

156 3291 276 3370 facere,
314 3309 413 3373 qnam
450 3295 580 3372 gratum
621 3311 819 3373 magnopere
853 3290 1063 3356 habuerimus
1095 3290 1128 3352 in
1159 3289 1297 3355 aliorum

157 3397 285 3464 Christi
302 3396 447 3461 fidelium
463 3419 597 3463 numero
616 3399 817 3480 congregari,
829 3398 886 3481 qui
902 3398 1040 3464 solertes
1052 3403 1084 3462 et
1094 3397 1218 3462 alacres
1235 3421 1296 3481 pro

158 3506 332 3588 Religione
349 3503 541 3572 Christiana
557 3505 599 3570 ad
615 3507 816 3572 benemerita
832 3505 1020 3589 peragenda
1040 3527 1296 3584 sncon1·eremus;

157 3614 217 3679 sed
234 3613 336 3678 multo
353 3615 457 3698 magis
474 3637 546 3679 cum
571 3637 699 3680 merore
726 3613 936 3680 acerbissima
962 3613 1177 3696 calamitates,
1199 3615 1297 3680 vices·

158 3743 222 3806 que
238 3721 461 3788 intolerabiles
478 3723 604 3806 fragilis
621 3724 814 3789 conditionis
831 3723 971 3788 humane
990 3723 1200 3808 percepimus,
1224 3745 1296 3788 con-

158 3830 340 3896 siderantes
358 3830 607 3897 Serenissimam
634 3831 732 3915 paulo
759 3837 834 3896 ante
860 3831 1006 3896 Panonie
1031 3830 1203 3916 Reginam,
1228 3834 1296 3898 viro

158 3961 200 4004 ac
216 3961 315 4022 regno
332 3938 490 4021 orbatam,
508 3940 652 4023 captivos
678 3939 761 4006 filios
778 3940 953 4023 lugentem,
971 3946 1197 4022 extorremque
1221 3941 1298 4006 alie·

158 4069 220 4112 nas
236 4070 312 4132 opes
329 4047 513 4132 implorare,
529 4049 621 4133 cujus
647 4070 853 4114 erumnosam
879 4048 1098 4114 conditionem
1123 4052 1212 4113 certe
1229 4069 1295 4114 non

158 4157 228 4220 sine
245 4157 470 4222 misericordia
486 4158 694 4242 contemplati
718 4179 837 4223 sumna.
855 4156 1013 4224 Videntes
1029 4155 1130 4238 illam,
1148 4177 1208 4240 que
1224 4157 1298 4222 aliis

158 4264 322 4330 dominari
337 4273 560 4345 consueverat,
586 4289 672 4331 nune
697 4267 877 4349 imperium,
895 4264 1140 4348 subsidiumque
1165 4266 1205 4332 ab
1223 4267 1297 4333 aliis

158 4379 338 4456 expectare.
355 4371 602 4458 Quamobrem
619 4371 738 4442 Vestre
755 4373 972 4439 Sublimitatis
999 4373 1135 4438 adverse
1161 4373 1295 4440 fortune

159 4482 317 4570 compassi
344 4503 452 4550 sumus
480 4489 513 4548 et
539 4483 737 4552 Oratoribus
764 4481 943 4550 subsidium
976 4481 1064 4546 mille
1091 4481 1295 4549 Ducatorum
