3336 5258
345 376 411 443 420
702 391 935 443 nienouacztar
953 377 1120 442 muniunt.

882 688 956 750 ael.

347 834 444 898 1480.
461 837 490 897 Α
508 833 661 897 velenczei
678 831 896 898 attaminaret
914 833 1057 896 crteoitoe.
1080 833 1167 896 leoco
1185 833 1331 918 Mapyar
1347 833 1486 897 Balou-

346 942 414 1006 aak
438 941 539 1028 Veplc
563 946 679 1007 adrosa
705 941 773 1006 alet
798 941 874 1006 eald
899 939 1149 1020 eloonuldsdrdl,
1178 941 1312 1008 Venerio
1339 941 1485 1008 Jocabor

521 1074 543 1114 a
557 1049 751 1136 pdlycikaak
767 1049 1144 1116 hascoitorldatotdsdra
1161 1052 1310 1135 ataaitja.

346 1187 656 1258 MOOCOLXXX.
673 1191 725 1258 die
742 1191 863 1263 XVII.
880 1191 1007 1278 Martij.

347 1298 520 1385 Sapientes
538 1298 685 1386 Oonsilij.
826 1299 888 1368 Ser
904 1302 929 1369 J
931 1302 1033 1368 acobo
1049 1301 1203 1384 Venerio,
1220 1301 1389 1370 Provisori
1409 1322 1482 1366 nos·

347 1407 520 1493 Sapientes
537 1415 561 1476 t.
576 1407 598 1475 l.
780 1418 832 1477 tro
849 1410 972 1478 classis.

347 1517 519 1602 Sapientes
540 1516 701 1586 Ordinum
825 1519 948 1585 Litoris
973 1519 1090 1587 vestris
1115 1518 1242 1585 dierum
1263 1517 1328 1583 XL
1344 1525 1379 1584 et
1395 1517 1483 1586 XII.

347 1628 500 1693 instantis
514 1627 732 1693 intelleximus
748 1627 925 1695 discessum
941 1628 1050 1694 Maier
1065 1625 1146 1692 Blas
1170 1649 1243 1693 cum
1260 1629 1405 1694 exercitu
1422 1651 1481 1693 suo

346 1735 389 1801 ab
405 1737 497 1816 urbe,
513 1741 546 1800 et
564 1757 764 1822 magnopere
785 1736 958 1803 laudamus
983 1735 1150 1803 solertiam
1177 1741 1210 1800 et
1235 1736 1387 1801 virtutem
1413 1757 1483 1803 res-

346 1850 443 1928 tram,
468 1864 527 1928 per
552 1864 650 1926 quam
676 1845 843 1928 repulsum
876 1845 975 1911 fuisse
1001 1843 1147 1910 videmus
1173 1843 1355 1928 predictum
1376 1844 1486 1911 Mater

345 1953 426 2018 Blas
442 1958 475 2017 et
490 1961 713 2020 conservatam
739 1952 873 2036 urbem3
893 1961 927 2019 et
948 1954 1138 2020 tantundem
1164 1951 1341 2037 probamus
1357 1953 1484 2019 modes·

346 2062 436 2145 tiam,
452 2082 519 2144 qua
533 2083 610 2127 usus
627 2083 697 2128 cum
715 2061 782 2128 illis
799 2063 899 2146 copijs
915 2061 1031 2148 Regijs
1059 2063 1158 2143 satie,
1175 2069 1208 2128 et
1224 2061 1385 2144 quomodo
1411 2083 1485 2146 spe-

346 2191 456 2236 ramus
472 2171 514 2236 ad
530 2171 747 2254 receptionem
764 2173 965 2256 presentium
982 2171 1146 2256 appulisse
1164 2168 1380 2254 Capitsneum
1406 2192 1483 2236 nos-

346 2283 433 2344 trum
450 2280 645 2363 generalem,
661 2286 694 2345 et
709 2286 821 2363 gentes
845 2280 920 2345 illas
946 2278 1117 2345 consilium
1143 2279 1268 2364 cepisse
1293 2278 1482 2362 trajiciendi

347 2388 380 2451 in
396 2395 519 2453 terram
536 2385 671 2454 firmam.
698 2385 818 2453 Sumus
844 2389 996 2468 contenti,
1021 2394 1057 2453 ut
1081 2389 1108 2453 si
1134 2389 1182 2454 ita
1197 2393 1254 2470 est,
1270 2387 1321 2453 vel
1338 2408 1411 2452 cum
1434 2387 1482 2450 sio

346 2493 454 2580 fuerit,
470 2495 620 2561 videlicet
636 2495 724 2580 quod
740 2496 977 2580 transportatis
1003 2495 1152 2579 gentibus
1177 2496 1336 2579 predictis
1362 2495 1396 2561 in
1413 2502 1480 2560 ter·

347 2627 419 2671 ram
443 2603 580 2687 firmam,
597 2605 739 2672 liberata
764 2605 872 2670 insula
897 2606 1098 2685 remanserit,
1114 2625 1170 2670 vos
1187 2605 1264 2689 illio,
1287 2610 1480 2669 remanente

348 2711 529 2798 Capitoneo
554 2720 666 2781 nostro
693 2713 848 2798 generali,
873 2735 946 2778 oum
972 2713 1107 2796 reliquis
1131 2713 1317 2779 triremibus
1341 2713 1374 2777 in
1396 2713 1483 2778 bona

348 2823 458 2908 gratia
484 2845 557 2889 oum
587 2829 694 2889 vestra
726 2822 830 2907 galea,
856 2829 986 2888 etcum
1012 2822 1115 2904 galeis
1141 2821 1271 2904 Maura,
1297 2819 1414 2888 Guora
1448 2827 1483 2886 et

349 2929 534 3016 Maripetra
549 2933 789 3016 repatriaturus
806 2932 942 2998 veniatis
958 2931 1114 2996 Piranum
1131 2937 1164 2998 et
1179 2937 1240 2997 eet

458 3041 500 3126 ψ
550 3044 610 3106 141
660 3077 702 3087 -
750 3047 770 3106 o
817 3075 859 3087 -
907 3045 936 3104 o.

456 3165 611 3226 (Velenozei
625 3167 815 3232 allamkonyv.
830 3171 872 3218 83.
887 3167 917 3229 l.)

836 3309 996 3318 -a———a

879 3553 954 3617 282.

350 3697 445 3760 1480.
463 3695 489 3758 A
509 3695 661 3759 oeleaczei
676 3695 893 3761 dllomtoades
908 3696 1044 3760 odlasza
1065 3694 1188 3760 Mittas
1204 3694 1294 3758 ociczi
1317 3693 1482 3759 karromk·

348 3804 426 3883 auk,
451 3829 473 3868 a
498 3826 637 3890 mapyar
654 3803 769 3890 kircily
784 3803 961 3882 kivetdnek,
985 3827 1006 3867 a
1035 3803 1140 3888 oepiac'
1158 3801 1318 3888 sziqetrrek
1336 3805 1481 3890 Mapyar

348 3913 471 3976 Baldzs
494 3913 663 4001 oezcaylete
688 3913 772 3977 olatt
797 3915 910 3978 tlirtdat
934 3923 1072 3976 ostroma
1098 3913 1251 3998 dpydberr,
1277 3935 1299 3975 a
1315 3911 1482 3977 kliztdrsa-

586 4025 645 4108 adq
661 4047 676 4086 a
692 4023 841 4108 ssipetlzea
857 4021 928 4085 rolo'
936 4022 1031 4107 joth
1041 4015 1247 4107 fejtepetoda.

347 4162 657 4233 MCCOOLXXX.
675 4166 727 4233 die
744 4165 926 4234 XXVIII.
942 4166 1070 4251 Martij.

347 4273 559 4360 4Sapientes
584 4273 732 4360 Consilij.
876 4273 979 4345 Venit
1005 4297 1091 4340 nunc
1118 4273 1162 4340 ad
1188 4274 1386 4358 presentiam
1416 4272 1481 4338 Do·

345 4381 556 4468 4Sapientes
580 4381 640 4450 tf.
831 4385 921 4468 minij
949 4382 1159 4450 Venerabilis
1191 4382 1352 4449 Dominus
1381 4380 1481 4446 Nico·

347 4490 519 4573 Sapientes
537 4490 706 4557 Ordinum.
831 4494 911 4574 laus,
938 4493 1065 4558 (lautos
1084 4491 1253 4573 Vaoensis,
1271 4488 1394 4555 Orator
1417 4488 1482 4555 Re·

347 4600 399 4684 gie
431 4597 619 4684 Msjestatis
650 4584 823 4682 Hfflric
849 4607 882 4666 et
906 4603 1067 4686 porrectis
1093 4601 1197 4666 literis
1229 4599 1481 4665 credentialibus
