3334 5276
420 345 462 408 52
773 352 1006 402 nnnouaczru
1026 341 1195 398 eunnnnn.

418 521 619 588 celeritatem
635 519 822 602 requirunt:
847 539 887 582 ex
902 537 987 580 nunc
1002 519 1131 597 captum
1148 514 1201 590 sit,
1220 511 1306 594 quod
1326 511 1411 575 mitti
1435 507 1555 572 debeat

418 629 459 696 de
483 629 626 714 presenti
651 647 734 692 unus
759 646 798 689 ex
823 623 1008 707 secretarijs
1033 622 1211 686 nostrised
1237 617 1400 704 prelatum
1428 615 1556 698 Regem

419 757 492 803 cum
507 736 567 802 illa
582 734 876 816 instructioneque
902 729 1137 796 deliberabitur
1164 748 1222 812 per
1247 725 1335 790 istud
1360 722 1554 789 Consilium.

527 843 580 910 De
596 851 691 930 parte
737 883 780 890 —
828 847 857 908 2.

423 1013 450 1074 l.
466 1005 606 1092 Sapiens
624 1005 762 1090 Consilij
950 1001 1046 1086 Quod
1072 1001 1215 1084 eligatur
1246 998 1286 1063 de
1319 994 1465 1082 presenti
1498 1014 1555 1076 per

422 1120 451 1182 2.
467 1113 639 1200 Sapientes
656 1113 818 1180 Ordinum
904 1110 1123 1192 scruptinium
1156 1111 1189 1172 in
1209 1109 1272 1172 isto
1299 1103 1448 1170 Consilio
1473 1123 1556 1165 unus

421 1224 631 1292 honorandus
648 1220 771 1288 Orator
786 1229 898 1287 noster
914 1219 957 1284 ad
974 1218 1137 1302 prelatum
1154 1216 1278 1297 Regem
1305 1213 1557 1279 Serenissimum

422 1339 456 1398 et
473 1339 536 1397 ect.

529 1439 581 1506 De
597 1444 691 1523 parte
707 1443 738 1503 8.

530 1567 686 1630 (Velenczei
698 1565 878 1628 dllamkllnyv
893 1569 935 1614 32.
950 1563 981 1624 l.)

965 1924 1016 1984 31.

425 2093 521 2156 1467.
538 2086 708 2154 Gerardua
724 2086 762 2150 de
779 2083 878 2151 Collis
904 2085 1006 2149 lovea·
1030 2082 1215 2147 taddeitdaa
1232 2105 1252 2143 a
1272 2081 1418 2144 Milaodi
1436 2080 1555 2165 fejede-

425 2200 553 2277 zomon,
578 2197 719 2281 melphim
746 2217 882 2281 mapyor
907 2193 1047 2278 appelare
1072 2189 1305 2275 vonatkozdlap
1330 2213 1352 2252 a
1372 2189 1556 2252 kdvetleezo'l·

737 2292 744 2307 '
896 2301 1096 2367 ancarana.

434 2513 848 2532 ..........
880 2461 1035 2526 Preterea
1067 2461 1178 2525 advieo
1195 2458 1316 2527 Vestro
1348 2455 1559 2536 Oelsitudine‚

426 2595 518 2638 como
548 2573 582 2639 la
605 2573 736 2655 prelata
763 2569 918 2653 Signoria
945 2571 991 2634 eri
1026 2590 1097 2634 sera
1134 2571 1167 2632 in
1198 2590 1321 2652 pregay
1346 2568 1471 2632 elesero
1497 2565 1559 2648 duy

428 2679 653 2746 Ambassatori
679 2679 712 2744 al
737 2678 840 2761 Papa,
866 2679 934 2744 cioe
960 2677 1000 2742 D.
1028 2677 1168 2742 Nicholo
1195 2675 1302 2742 Canal
1330 2683 1362 2740 et
1388 2673 1430 2738 D.
1458 2675 1559 2740 Petro

412 2787 622 2869 ·Mozinich0‚
639 2783 726 2852 ambi
742 2785 807 2869 duy
823 2787 1002 2870 erogatori,
1020 2807 1079 2850 con
1096 2806 1180 2868 pena
1199 2785 1239 2849 de
1265 2784 1375 2850 ducati
1400 2783 1439 2848 Il
1465 2789 1560 2847 cento

429 2917 488 2980 per
504 2917 579 2978 uno,
605 2917 622 2958 e
646 2894 734 2958 hano
761 2893 937 2958 terminato
964 2892 1005 2957 ad
1031 2900 1184 2976 coeptare
1210 2900 1281 2958 tuto
1307 2893 1391 2958 l’uno
1417 2891 1505 2958 aVI
1521 2891 1560 2954 de

430 3009 554 3088 questo,
570 3003 695 3067 cilicet
711 3000 833 3066 anchor
851 3021 915 3065 non
932 3001 956 3065 li
973 3001 1115 3066 habiano
1142 3001 1221 3066 dato
1239 3003 1464 3082 instructione,
1483 3021 1561 3064 non-

429 3109 603 3176 dimancho
619 3131 678 3194 per
693 3109 725 3174 lo
742 3129 903 3175 raxonare
921 3108 1007 3173 sacto
1027 3115 1079 3174 tra
1094 3111 1173 3193 loro,
1189 3132 1228 3174 ne
1245 3109 1287 3174 ho
1304 3115 1419 3176 cavato
1444 3115 1561 3192 questa

430 3217 645 3302 conclusione,
662 3217 732 3284 loro
749 3217 899 3301 vogliano
914 3220 1046 3282 intimar
1062 3217 1095 3283 al
1112 3219 1215 3301 Papa,
1232 3239 1323 3283 como
1348 3219 1402 3283 ala
1419 3220 1487 3300 liga
1503 3241 1561 3286 con

430 3329 525 3412 Papa
542 3327 641 3393 Pice
666 3327 699 3390 lo
724 3327 774 3391 Re
800 3326 840 3391 de
865 3326 1023 3408 Ungaria,
1049 3327 1121 3391 loro
1147 3347 1226 3391 sono
1251 3329 1386 3392 cernenti
1410 3330 1478 3394 solo
1496 3331 1561 3396 alo

431 3433 598 3521 spendore,
613 3455 694 3518 pero
710 3435 768 3500 che
783 3435 859 3501 lano
875 3441 1007 3518 passato
1029 3436 1060 3500 lo
1078 3436 1183 3518 Papa,
1200 3437 1278 3518 qual
1304 3441 1389 3502 siena
1415 3439 1561 3523 obligato

431 3544 510 3610 dare
527 3565 547 3608 a
564 3543 653 3608 dicto
670 3543 721 3610 Re
737 3542 846 3608 ducati
868 3551 961 3609 cento
988 3543 1076 3608 mille
1101 3543 1218 3624 l’ann0,
1236 3567 1300 3610 uon
1326 3547 1372 3630 gli
1388 3547 1412 3610 li
1429 3546 1522 3610 diede
1546 3567 1562 3608 e

429 3651 568 3717 mancho
584 3651 741 3718 dimostra
758 3652 843 3718 darli
860 3659 974 3735 questo
992 3673 1085 3735 anuo,
1102 3675 1119 3716 e
1135 3653 1193 3718 che
1218 3653 1291 3720 loro
1316 3655 1482 3738 spondano
1509 3655 1562 3738 piu

432 3759 471 3824 dc
489 3759 598 3826 ducati
615 3762 732 3843 cinque
747 3761 933 3826 centomilia
955 3760 1073 3840 l'anno,
1090 3767 1122 3828 et
1148 3763 1206 3826 ohe
1232 3763 1423 3830 deliberano
1450 3785 1562 3846 sapere

432 3867 473 3932 sil
488 3868 551 3934 ude
568 3869 743 3935 observare
759 3869 792 3934 la
808 3890 977 3952 promessa
994 3891 1014 3933 a
1030 3870 1090 3934 dar
1108 3870 1216 3935 dicari
1232 3894 1252 3936 a
1268 3871 1356 3936 dicto
1372 3872 1423 3938 Re
1440 3872 1482 3936 ho
1493 3893 1563 3953 non,

432 3976 627 4042 altrcmente
651 3975 886 4058 farau0,'como
911 3983 1068 4060 poterano
1097 3998 1156 4041 con
1183 4000 1254 4044 esso
1283 3979 1423 4060 Turcho,
1449 3985 1482 4044 et
1508 4000 1564 4062 per

433 4090 534 4149 metue
550 4086 652 4148 maior
667 4085 774 4168 voglio
789 4085 822 4149 al
838 4084 933 4168 Papa
950 4085 988 4149 de
1005 4084 1140 4168 spendre
1167 4109 1248 4152 vano
1274 4087 1480 4172 divulgando
1507 4089 1563 4153 che

432 4199 547 4276 questo
563 4191 690 4275 (iudeo,
706 4193 783 4275 qual
799 4193 885 4258 ando
905 4215 963 4277 per
979 4193 1012 4258 la
1027 4216 1116 4278 pace,
1134 4195 1189 4260 dal
1206 4195 1337 4264 Turcho
1355 4200 1398 4264 ha
1424 4197 1566 4266 referite,

432 4320 523 4366 como
539 4300 571 4366 lo
588 4300 718 4367 'Purcho
735 4301 775 4366 he
792 4307 944 4368 contento
962 4301 1012 4367 sar
1028 4303 1061 4368 la
1078 4325 1157 4387 pace
1173 4327 1234 4370 con
1250 4306 1283 4371 la
1299 4305 1462 4390 Signoria,
1478 4327 1498 4370 a
1515 4306 1566 4370 chi

433 4408 477 4474 ha
492 4410 613 4491 tegula,
624 4409 798 4476 dummodo
814 4410 966 4494 vogliono
984 4411 1155 4477 excludere
1172 4416 1258 4478 omni
1275 4414 1369 4496 altro,
1383 4415 1452 4480 cioe
1468 4413 1500 4478 lo
1516 4411 1565 4478 Re

435 4513 474 4580 de
489 4511 648 4598 Ungaria,
664 4523 696 4583 et
711 4517 769 4583 che
786 4517 916 4601 quando
943 4519 1066 4586 vodano
1094 4542 1157 4588 nou
1182 4527 1278 4604 poter
1294 4521 1346 4588 far
1362 4521 1566 4604 altramente,
1619 4563 1623 4569 -
