3336 5258
747 379 981 430 urrnounczmr
998 365 1167 431 anninus.

931 771 1005 832 267.

404 931 500 994 1479.
518 931 650 1016 Mdtya's
665 932 777 1018 leiro'ly
793 933 954 1016 tudriez'tja
970 957 991 996 a
1012 933 1130 1016 Pupa‘t,
1146 929 1349 1014 orszcipa'unlr
1365 953 1386 991 a
1401 925 1534 990 toreholt
1648 917 1650 928 '

402 1037 487 1102 dltel
502 1063 524 1102 a
540 1037 732 1102 veletrese'rek
751 1039 983 1123 suyalmazdsa
1001 1038 1137 1124 felytu'u
1153 1037 1269 1101 tiirte'ut
1289 1034 1533 1122 pusatitu'sa'rdl,
1648 1019 1650 1100 l

404 1145 436 1209 e'e
451 1169 490 1208 aa
507 1147 627 1212 azolron
645 1147 784 1212 Baikori
810 1148 923 1213 Ietodn
950 1150 981 1211 e's
999 1146 1115 1212 Kinisi
1135 1146 1196 1211 Pel
1212 1145 1297 1210 ezrel
1323 1153 1446 1208 aratott
1462 1150 1533 1229 pyd-
1649 1145 1650 1174 ³

893 1255 1046 1319 zelemrdl.

510 1413 616 1500 Copia
631 1415 800 1480 literarum
824 1413 1029 1482 serenissimi
1053 1413 1154 1498 Regis
1177 1413 1351 1498 Huugarie
1375 1412 1418 1478 ad
1436 1411 1532 1479 Sano-
1649 1397 1651 1466 j

402 1521 564 1588 tissimum
579 1521 757 1588 Dominum
774 1521 806 1588 N
809 1529 942 1588 ostrum.

510 1628 705 1695 Beatissimo
720 1629 822 1696 Pater
838 1637 871 1696 et
885 1630 1027 1696 Domine
1044 1627 1312 1696 Clementissime.
1329 1629 1414 1694 Post
1441 1627 1532 1692 dero-

405 1743 473 1803 tam
490 1738 552 1803 mei
569 1739 880 1804 commendationem
896 1762 935 1806 ae
951 1741 1069 1823 pedum
1086 1739 1198 1806 osoula
1222 1737 1410 1804 Beatorum.
1431 1734 1532 1818 Supe-

404 1847 545 1912 rioribus
578 1847 693 1914 diebus
733 1849 990 1931 significaveram
1023 1847 1202 1917 Sanctitati
1232 1845 1363 1928 Vestro,
1393 1846 1532 1930 qualiter

406 1955 540 2024 Venetis
579 1961 612 2020 et
643 1957 860 2023 Sereuissimo
891 1957 1033 2024 Domino
1071 1959 1277 2042 Imperatore
1308 1956 1532 2022 Romanorum
1649 1955 1651 1964 ’

403 2065 530 2148 pacatis
546 2085 618 2130 cum
636 2065 754 2149 Tureo,
770 2067 873 2132 omnis
888 2067 980 2134 odius
1005 2066 1231 2134 immanissimi
1257 2065 1361 2130 hostis
1387 2063 1479 2129 furor
1502 2067 1533 2126 et

403 2173 543 2255 impetus
557 2173 592 2238 in
608 2195 660 2238 me
677 2175 782 2239 solum
798 2182 832 2240 et
847 2175 999 2258 Regnum
1014 2176 1076 2242 hoe
1093 2197 1199 2242 meum
1213 2174 1387 2258 Hungarie
1403 2171 1533 2238 tandem

402 2281 511 2346 luerat
536 2303 716 2348 conversus.
743 2282 1009 2366 significaveram
1034 2285 1134 2350 etiam
1161 2282 1344 2368 posteribus
1369 2280 1476 2346 literis
1495 2278 1533 2345 de

402 2392 532 2456 incursu
549 2389 738 2472 Turoorum,
754 2413 850 2476 quem
867 2394 901 2458 in
916 2413 988 2459 mea
1011 2399 1106 2458 extra
1132 2393 1193 2459 hoe
1208 2391 1359 2474 Regnum
1384 2387 1534 2455 absentia

403 2500 463 2566 sub
479 2500 641 2566 conductu
657 2499 858 2568 Venetorum
874 2523 930 2585 per
946 2510 1052 2568 terras
1068 2502 1273 2586 imperatoris
1298 2499 1342 2566 ad
1368 2500 1431 2564 hoo
1447 2497 1533 2581 Reg-

403 2629 480 2674 num
497 2629 555 2691 per
570 2608 669 2674 talem
685 2610 770 2675 riam
796 2615 829 2675 et
853 2609 896 2676 ad
921 2611 1006 2676 tales
1021 2610 1128 2692 Regni
1155 2611 1217 2676 mei
1243 2614 1355 2693 partes
1379 2607 1533 2688 fenerant,
1651 2681 1652 2694 ,

402 2715 445 2782 ad
470 2737 551 2799 quas
576 2717 783 2783 nescivissem
807 2718 848 2783 de
873 2739 986 2784 eorum
1016 2717 1257 2786 incursionibus
1287 2715 1339 2783 vel
1369 2737 1534 2798 nunquam
1650 2721 1652 2754 ³

402 2824 570 2907 suspicari.
587 2823 710 2890 Postea
726 2846 801 2891 vero
817 2826 952 2892 animati
969 2825 1109 2893 fortasse
1135 2826 1247 2910 spoliis
1272 2824 1470 2903 tenentibus
1485 2822 1532 2890 vel
1649 2875 1652 2894 .

402 2933 511 3016 potius
527 2953 757 3016 persuasorum
781 2934 945 3014 instinctu,
972 2956 1054 3018 quos
1081 2957 1118 3000 ex
1136 2955 1195 3000 sua
1214 2933 1390 3018 prudentia
1406 2931 1532 2998 Sancti-

402 3047 455 3104 tas
471 3039 593 3107 Vestra
608 3040 688 3106 bene
704 3041 870 3125 intelligit,
886 3043 984 3108 exeiti
1000 3044 1123 3109 abactis
1139 3042 1326 3126 ingentibus
1343 3042 1445 3125 copiis
1462 3063 1532 3125 par·
1650 3079 1652 3142 ἶ

402 3153 451 3213 tes
475 3148 697 3231 transalpinas
723 3149 938 3232 intraverant,
963 3149 1079 3233 quibus
1105 3150 1269 3234 oppressis
1294 3156 1407 3234 partes
1431 3149 1534 3215 Tran·
1649 3143 1652 3206 l

402 3255 561 3339 sylvanus,
575 3258 735 3340 potiorem
751 3259 862 3344 Regni
878 3260 942 3325 mei
959 3259 1061 3324 totius
1076 3259 1252 3341 regionem,
1267 3257 1307 3323 de
1323 3279 1388 3341 qua
1404 3258 1533 3342 amplis·

402 3364 475 3429 simi
515 3364 662 3432 redditus
703 3367 827 3434 sallinis
859 3375 891 3434 et
922 3367 1060 3450 argenti,
1092 3367 1229 3452 aurique
1260 3365 1382 3432 fodinis
1413 3366 1532 3432 ibidem

402 3471 617 3540 existentibus
633 3476 712 3541 mihi
736 3479 939 3560 proveniunt,
956 3475 1016 3542 sub
1043 3476 1205 3541 conductu
1221 3473 1362 3560 Ezebeg,
1379 3476 1437 3558 qui
1462 3481 1534 3560 post

1650 3259 1652 3300 l

1650 3333 1652 3438 q

1649 3441 1652 3490 l

1651 3493 1652 3526 l

401 3579 540 3645 Bassam
565 3581 700 3648 Natolie
724 3585 812 3668 apud
839 3583 982 3650 Turnum
1008 3586 1133 3667 primus
1161 3583 1312 3664 habetur,
1338 3581 1535 3650 invaserant

401 3687 508 3753 Erant
524 3688 557 3754 iu
573 3710 613 3754 ea
628 3690 836 3757 multitudine
855 3691 1040 3758 Turoorum
1056 3691 1185 3757 circiter
1211 3690 1454 3774 quadragintis
1470 3691 1535 3755 tria
1651 3731 1652 3738 κ

401 3796 505 3863 millia
529 3803 561 3862 et
576 3801 680 3863 omnis
696 3797 920 3866 Valaehorum
947 3801 1096 3884 populus,
1121 3801 1177 3885 qui
1202 3821 1360 3886 oppressa
1385 3807 1535 3867 recenter

1650 3823 1652 3918 ,

401 3900 693 3989 Transalpinarum
724 3908 866 3990 regione,
897 3929 969 3973 eum
1002 3907 1140 3992 ejisdem
1172 3907 1290 3975 urreis
1322 3909 1535 3992 advenerant,
1650 3929 1652 3990 l

401 4033 475 4076 eum
501 4011 619 4095 quibus
641 4014 710 4098 jam
735 4037 774 4080 ex
791 4014 1026 4102 Transylranis
1052 4016 1289 4082 revertentibus
1316 4021 1350 4081 et
1368 4017 1535 4100 ingentem

404 4120 539 4202 predam
569 4121 803 4205 retimeutibus,
828 4125 945 4190 Comes
971 4123 1125 4192 Stefanus
1156 4125 1197 4192 de
1229 4124 1356 4192 Bethor
1379 4122 1535 4210 Vajvoda
1651 4185 1652 4216 ἶ

401 4227 644 4315 Transylvanus
669 4231 822 4318 adjuncto
850 4253 957 4299 seeum
973 4233 1077 4300 Paolo
1094 4233 1206 4300 Kinisi
1223 4233 1381 4300 Generali
1399 4233 1534 4319 Capita·
1651 4267 1652 4274 ¹

400 4359 461 4403 neo
477 4343 510 4403 et
526 4339 716 4406 inferiorum
732 4342 876 4425 partium
899 4341 995 4428 hujus
1011 4342 1130 4428 Regni,
1145 4343 1202 4426 qui
1221 4343 1351 4425 cognito
1367 4349 1533 4409 turcorum

400 4445 539 4526 incursu,
555 4447 597 4512 ad
613 4471 686 4515 mea
709 4451 866 4517 mandata
891 4450 1014 4516 auxilio
1038 4451 1088 4517 illi
1113 4451 1147 4517 in
1172 4455 1284 4535 partes
1300 4449 1534 4518 Transilvsnas

401 4562 593 4642 accesserat,
617 4558 706 4624 intra
735 4557 814 4626 fines
845 4560 989 4646 partium
1015 4557 1306 4625 Transilrauarum
1339 4580 1533 4643 congressus

1650 4429 1652 4558 ,

1649 4599 1652 4754 l
