3340 5260
393 352 457 411 208
747 367 980 413 oresonaczrar
1001 357 1168 414 inarmans.

389 533 575 594 nostrorum
592 525 799 593 comoderum
817 527 977 592 rationem
995 528 1122 592 Vestris
1143 529 1319 594 commodis
1334 529 1400 593 leto
1418 528 1526 592 animo

389 637 598 719 perlaturam,
624 641 800 718 propterea
826 635 975 699 volumus
1004 643 1035 700 et
1060 635 1151 701 robis
1175 637 1376 716 mandamus
1395 635 1482 718 quod
1501 635 1527 698 si

389 744 431 810 ad
448 746 648 828 presentium
666 744 890 827 receptionem
908 766 970 808 non
989 745 1213 824 recessissem,
1230 766 1293 810 non
1310 745 1478 822 recedatis
1496 749 1529 806 et

389 854 415 918 si
433 854 517 920 sorte
530 855 599 938 jam
616 854 840 932 recessissetiS,
864 853 971 917 redire
997 852 1040 918 ad
1068 853 1319 936 imperatoriam
1338 853 1528 919 Sublimita-

388 969 454 1026 tem
472 961 628 1040 debeatis,
646 969 679 1026 et
696 961 729 1025 in
746 969 888 1042 utroque
906 982 983 1026 casu
1009 961 1222 1045 Imperatorie
1247 959 1443 1026 Celsitudini
1461 959 1528 1024 Sue

389 1070 497 1152 dicite,
510 1069 744 1156 jucundissime
769 1070 967 1134 intellexisse
992 1091 1050 1134 nos
1077 1071 1266 1136 facilitatem
1296 1076 1329 1133 et
1345 1069 1529 1151 benignita-

388 1187 452 1243 tem
470 1177 657 1264 Majestatis
675 1176 739 1242 Sue
757 1178 843 1242 cirea
861 1178 1032 1243 materiam
1057 1177 1188 1242 illorum
1215 1177 1353 1243 duorum
1377 1176 1529 1242 castello-

388 1309 460 1351 rum
477 1291 509 1351 et
525 1293 633 1351 cetera
648 1286 714 1350 alia
736 1287 769 1350 in
795 1286 902 1368 prima
927 1293 1020 1368 parte
1043 1292 1231 1350 vestrarum
1254 1285 1425 1350 literarum
1453 1305 1529 1350 con-

388 1399 487 1474 tenta,
504 1416 565 1477 que
591 1395 623 1458 in
650 1393 752 1458 nihilo
781 1394 910 1458 rliversa
940 1401 1015 1458 sunt
1043 1394 1084 1458 ab
1106 1400 1218 1458 nostra
1242 1394 1479 1477 expectatione,
1496 1401 1530 1454 et

388 1511 564 1587 propterea
581 1504 797 1586 imperatorie
815 1503 1023 1592 Sublimitati
1042 1501 1107 1568 Sue
1124 1526 1196 1568 cum
1214 1503 1320 1567 verbis
1337 1501 1530 1566 accomoda·

389 1612 430 1676 tis
447 1612 571 1695 gratias
593 1612 696 1693 agite.

496 1719 548 1784 De
565 1719 691 1786 Comite
707 1719 837 1785 Joanue
854 1719 895 1784 de
911 1717 1039 1802 Veglia,
1057 1726 1230 1804 postquam
1247 1719 1290 1784 ad
1313 1740 1370 1784 vos
1395 1720 1528 1802 scripsi-

388 1849 468 1909 mus,
485 1848 652 1894 occursum
669 1836 727 1912 est,
743 1829 831 1912 quod
847 1835 958 1911 gentes
975 1829 1194 1912 Imperatorie
1220 1826 1441 1894 Sublimitatis
1461 1827 1528 1893 Sue

387 1937 612 2002 veneruntad
637 1938 914 2021 oppugnationem
939 1937 1071 2003 illorum
1098 1938 1197 2002 trium
1225 1938 1527 2020 castellorumque

389 2047 474 2110 idem
492 2043 608 2112 Comes
624 2047 657 2111 in
674 2053 764 2112 terra
780 2046 874 2111 firma
890 2045 1080 2130 possidebat
1099 2045 1289 2130 subreptum
1307 2045 1527 2130 Imperatorie

389 2152 601 2219 Celsitudinis
618 2153 692 2236 Sue,
708 2155 826 2239 quibus
842 2155 994 2238 gentibus
1011 2153 1135 2219 nullum
1151 2176 1210 2238 per
1224 2163 1354 2220 nostros
1370 2157 1417 2220 sic
1432 2153 1527 2218 nobis

385 2260 573 2346 jubentibus
590 2260 820 2327 offendiculum
845 2263 998 2346 injectum
1025 2269 1083 2342 est,
1110 2263 1190 2345 quin
1216 2262 1438 2347 Imperatoria
1454 2284 1529 2327 exe-

389 2376 565 2453 querentur
583 2369 749 2445 mandata,
766 2376 799 2434 et
816 2368 861 2434 sie
887 2377 1019 2435 executa
1046 2377 1130 2451 sunt,
1148 2377 1181 2434 et
1209 2371 1347 2436 castella
1375 2371 1528 2456 predicta

386 2479 507 2562 partim
523 2481 562 2558 vi,
578 2479 701 2562 partim
721 2478 891 2543 dedicione
917 2498 1159 2562 recuperavere,
1184 2477 1341 2561 finitaque
1368 2485 1444 2546 sunt
1461 2477 1528 2543 dis-

388 2586 495 2652 cordie
511 2587 575 2668 ille,
593 2593 626 2652 et
643 2586 726 2651 sieut
743 2586 805 2650 hac
819 2585 901 2650 hora
918 2607 976 2669 per
985 2585 1100 2651 literas
1113 2585 1295 2652 Potestatis
1306 2593 1339 2651 et
1350 2585 1528 2670 Capitonei

387 2695 490 2760 nostri
505 2695 531 2761 J
532 2695 727 2779 ustinopolis
744 2694 969 2774 intelleximus,
979 2701 1095 2776 gentes
1106 2693 1324 2779 Imperatorie
1335 2695 1376 2760 ad
1391 2698 1529 2780 propria

387 2803 640 2869 mmmm

495 2909 600 2995 Super
633 2910 733 2975 Dieta
764 2909 947 2995 Ratispone
987 2932 1050 2975 non
1089 2912 1306 2995 potuissemus
1348 2913 1528 2997 quicquam

388 3019 512 3099 andire,
538 3019 627 3102 quod
651 3019 746 3084 nobis
771 3021 907 3104 gratius,
941 3021 1146 3104 acceptiusre
1180 3020 1303 3102 suisset,
1346 3029 1403 3086 aut
1429 3021 1529 3088 rebus

389 3127 577 3194 christianis
594 3127 845 3210 accomodatius
856 3127 1048 3193 confirmare
1066 3137 1166 3213 atque
1183 3129 1364 3212 inflamare,
1375 3131 1529 3196 nitemini

362 3250 365 3257 '
390 3239 640 3323 Imperatoriam
658 3239 898 3306 Sublimitatem
920 3237 1021 3306 Suam
1032 3241 1064 3304 in
1077 3247 1189 3306 saneto
1201 3247 1234 3306 et
1250 3244 1432 3309 necessario
1450 3263 1529 3326 pro-

388 3349 493 3432 posito
510 3370 576 3428 suc,
602 3354 635 3413 et
650 3348 821 3428 solicitata,
847 3355 883 3413 ut
908 3371 1018 3414 omnes
1044 3347 1086 3412 ad
1106 3349 1197 3415 illam
1214 3351 1379 3434 principes
1395 3352 1527 3416 imiten-

388 3465 451 3540 tur,
469 3461 501 3520 et
518 3463 593 3523 ante
610 3458 690 3523 alios
718 3457 885 3522 Summum
909 3457 1102 3522 Pontificem
1127 3459 1170 3522 ad
1195 3459 1388 3523 mittendum
1415 3481 1527 3543 quem-

388 3566 473 3648 piam
489 3564 622 3648 dignum
639 3567 811 3650 Legatum,
828 3565 871 3631 ad
888 3587 982 3649 quem
994 3587 1053 3650 per
1071 3573 1199 3632 nostros
1217 3565 1378 3632 Oratores
1395 3575 1528 3632 antece-

388 3676 533 3740 dentium
564 3677 733 3741 literarum
765 3682 947 3741 vestrarum
980 3683 1011 3740 et
1052 3677 1197 3757 istarum,
1236 3699 1319 3760 quas
1358 3683 1526 3760 postremo

389 3785 571 3867 scripsistis,
597 3784 745 3868 exempla
772 3785 916 3848 misimus
943 3781 1154 3862 ostendenda,
1180 3783 1348 3850 hortantes
1367 3805 1425 3849 nos
1447 3806 1529 3868 quo·

390 3913 451 3975 qne
469 3899 501 3957 et
517 3893 668 3958 imlncere
685 3894 823 3958 nitentes
840 3891 1056 3958 Sanctitatem
1074 3893 1254 3975 predictam
1271 3892 1313 3958 ad
1330 3891 1528 3958 mittendum

393 4005 425 4065 et
443 4001 689 4084 providendum,
706 4007 738 4064 et
754 4001 786 4065 in
804 4000 886 4066 diem
916 3999 1007 4064 nobis
1033 4000 1176 4082 scribite,
1202 4007 1232 4066 et
1259 4023 1384 4066 omnem
1401 4023 1530 4066 sucees-

393 4129 462 4172 sum
481 4108 646 4174 declarate
663 4115 696 4172 et
705 4114 872 4192 expectato
891 4108 1098 4189 mandatum,
1114 4109 1305 4174 intentionis
1322 4111 1405 4175 enim
1416 4117 1530 4175 nostre

390 4223 447 4296 est,
475 4223 512 4281 ut
538 4240 593 4280 ros
620 4218 651 4280 in
679 4218 766 4282 dieta
792 4216 892 4280 Dieta
918 4223 951 4280 et
978 4213 1147 4282 Conventa
1172 4218 1378 4300 reperiamini
1395 4219 1529 4283 nomine

389 4325 492 4390 nostri
510 4323 665 4407 Dominij.

497 4431 539 4516 A,
590 4437 651 4496 156
699 4469 741 4479 -
789 4436 810 4494 4
857 4471 899 4479 -
948 4438 975 4494 a.

499 4562 655 4621 (Velenerei
671 4561 848 4624 allamlrtinyv
865 4567 923 4610 179.
939 4562 966 4621 l.)
