<?xml version="1.0" encoding="UTF-8"?>
<!DOCTYPE html PUBLIC "-//W3C//DTD XHTML 1.0 Transitional//EN"
    "http://www.w3.org/TR/xhtml1/DTD/xhtml1-transitional.dtd">
<html xmlns="http://www.w3.org/1999/xhtml" xml:lang="en" lang="en">
 <head>
  <title>
</title>
<meta http-equiv="Content-Type" content="text/html;charset=utf-8" />
  <meta name='ocr-system' content='tesseract 3.04.00' />
  <meta name='ocr-capabilities' content='ocr_page ocr_carea ocr_par ocr_line ocrx_word'/>
</head>
<body>
  <div class='ocr_page' id='page_1' title='image "./magyardiplomacz00mattgoog_0107.png"; bbox 0 0 3356 5266; ppageno 0'>
   <div class='ocr_carea' id='block_1_1' title="bbox 367 265 1141 332">
    <p class='ocr_par' dir='ltr' id='par_1_1' title="bbox 367 265 1141 332">
     <span class='ocr_line' id='line_1_1' title="bbox 367 265 1141 332; baseline 0.012 -9"><span class='ocrx_word' id='word_1_1' title='bbox 367 265 410 325; x_wconf 79' lang='grc' dir='ltr'><strong>ῖῡ</strong></span> <span class='ocrx_word' id='word_1_2' title='bbox 720 284 953 332; x_wconf 72' lang='grc'><strong>3333133331</strong></span> <span class='ocrx_word' id='word_1_3' title='bbox 970 275 1141 332; x_wconf 59' lang='lat' dir='ltr'><strong>mmm</strong></span> 
     </span>
    </p>
   </div>
   <div class='ocr_carea' id='block_1_2' title="bbox 366 441 1500 854">
    <p class='ocr_par' dir='ltr' id='par_1_2' title="bbox 366 441 1500 744">
     <span class='ocr_line' id='line_1_2' title="bbox 366 441 1499 528; baseline 0.004 -22"><span class='ocrx_word' id='word_1_4' title='bbox 366 443 541 506; x_wconf 85' lang='lat' dir='ltr'><strong>illatorum.</strong></span> <span class='ocrx_word' id='word_1_5' title='bbox 560 443 603 507; x_wconf 86' lang='lat' dir='ltr'><strong>Et</strong></span> <span class='ocrx_word' id='word_1_6' title='bbox 621 441 661 508; x_wconf 84' lang='lat' dir='ltr'><strong>de</strong></span> <span class='ocrx_word' id='word_1_7' title='bbox 685 447 837 508; x_wconf 65' lang='lat' dir='ltr'><strong>missione</strong></span> <span class='ocrx_word' id='word_1_8' title='bbox 863 445 1001 528; x_wconf 89' lang='lat' dir='ltr'><strong>predicti</strong></span> <span class='ocrx_word' id='word_1_9' title='bbox 1028 444 1148 528; x_wconf 73' lang='lat' dir='ltr'><strong>Nuntvj</strong></span> <span class='ocrx_word' id='word_1_10' title='bbox 1173 467 1233 510; x_wconf 83' lang='lat' dir='ltr'><strong>nos</strong></span> <span class='ocrx_word' id='word_1_11' title='bbox 1257 447 1499 528; x_wconf 77' lang='lat' dir='ltr'><strong>quamprimum</strong></span> 
     </span>
     <span class='ocr_line' id='line_1_3' title="bbox 366 549 1500 637; baseline 0.002 -23"><span class='ocrx_word' id='word_1_12' title='bbox 366 549 465 614; x_wconf 74' lang='lat' dir='ltr'><strong>facite</strong></span> <span class='ocrx_word' id='word_1_13' title='bbox 481 553 645 632; x_wconf 72' lang='lat' dir='ltr'><strong>certiores,</strong></span> <span class='ocrx_word' id='word_1_14' title='bbox 662 565 697 615; x_wconf 83' lang='lat' dir='ltr'><strong>ut</strong></span> <span class='ocrx_word' id='word_1_15' title='bbox 717 573 775 616; x_wconf 79' lang='lat' dir='ltr'><strong>nos</strong></span> <span class='ocrx_word' id='word_1_16' title='bbox 800 574 930 636; x_wconf 88' lang='lat' dir='ltr'><strong>quoqne</strong></span> <span class='ocrx_word' id='word_1_17' title='bbox 954 552 997 616; x_wconf 85' lang='lat' dir='ltr'><strong>de</strong></span> <span class='ocrx_word' id='word_1_18' title='bbox 1021 552 1134 637; x_wconf 82' lang='lat' dir='ltr'><strong>aliquo</strong></span> <span class='ocrx_word' id='word_1_19' title='bbox 1157 568 1279 618; x_wconf 74' lang='lat' dir='ltr'><strong>nostro.</strong></span> <span class='ocrx_word' id='word_1_20' title='bbox 1303 555 1359 635; x_wconf 91' lang='lat' dir='ltr'><strong>qui</strong></span> <span class='ocrx_word' id='word_1_21' title='bbox 1384 551 1500 617; x_wconf 86' lang='lat' dir='ltr'><strong>eodem</strong></span> 
     </span>
     <span class='ocr_line' id='line_1_4' title="bbox 368 657 1258 744; baseline 0.002 -22"><span class='ocrx_word' id='word_1_22' title='bbox 368 672 512 741; x_wconf 79' lang='lat' dir='ltr'><strong>tempore</strong></span> <span class='ocrx_word' id='word_1_23' title='bbox 529 659 561 721; x_wconf 91' lang='lat' dir='ltr'><strong>in</strong></span> <span class='ocrx_word' id='word_1_24' title='bbox 578 657 727 740; x_wconf 77' lang='lat' dir='ltr'><strong>partibus</strong></span> <span class='ocrx_word' id='word_1_25' title='bbox 745 661 811 724; x_wconf 82' lang='lat' dir='ltr'><strong>illis</strong></span> <span class='ocrx_word' id='word_1_26' title='bbox 827 663 879 726; x_wconf 84' lang='lat' dir='ltr'><strong>sit</strong></span> <span class='ocrx_word' id='word_1_27' title='bbox 895 662 1066 744; x_wconf 87' lang='lat' dir='ltr'><strong>providere</strong></span> <span class='ocrx_word' id='word_1_28' title='bbox 1084 663 1258 726; x_wconf 81' lang='lat' dir='ltr'><strong>valeamus.</strong></span> 
     </span>
    </p>

    <p class='ocr_par' dir='ltr' id='par_1_3' title="bbox 475 765 1500 854">
     <span class='ocr_line' id='line_1_5' title="bbox 475 765 1500 854; baseline 0 -24"><span class='ocrx_word' id='word_1_29' title='bbox 475 765 519 830; x_wconf 80' lang='lat' dir='ltr'><strong>Et</strong></span> <span class='ocrx_word' id='word_1_30' title='bbox 537 788 577 830; x_wconf 82' lang='lat' dir='ltr'><strong>ex</strong></span> <span class='ocrx_word' id='word_1_31' title='bbox 593 789 677 832; x_wconf 74' lang='grc'><strong>3333</strong></span> <span class='ocrx_word' id='word_1_32' title='bbox 694 775 825 852; x_wconf 87' lang='lat' dir='ltr'><strong>captum</strong></span> <span class='ocrx_word' id='word_1_33' title='bbox 843 772 894 854; x_wconf 80' lang='lat' dir='ltr'><strong>sit,</strong></span> <span class='ocrx_word' id='word_1_34' title='bbox 908 770 995 853; x_wconf 92' lang='lat' dir='ltr'><strong>quod</strong></span> <span class='ocrx_word' id='word_1_35' title='bbox 1020 771 1107 834; x_wconf 90' lang='lat' dir='ltr'><strong>mitti</strong></span> <span class='ocrx_word' id='word_1_36' title='bbox 1134 769 1256 834; x_wconf 82' lang='lat' dir='ltr'><strong>debeat</strong></span> <span class='ocrx_word' id='word_1_37' title='bbox 1281 765 1500 832; x_wconf 65' lang='grc'><strong>3113113313-</strong></span> 
     </span>
    </p>
   </div>
   <div class='ocr_carea' id='block_1_3' title="bbox 368 875 1552 962">
    <p class='ocr_par' dir='ltr' id='par_1_4' title="bbox 368 875 1552 962">
     <span class='ocr_line' id='line_1_6' title="bbox 368 875 1552 962; baseline 0 -24"><span class='ocrx_word' id='word_1_38' title='bbox 368 896 440 938; x_wconf 87' lang='lat' dir='ltr'><strong>rum</strong></span> <span class='ocrx_word' id='word_1_39' title='bbox 457 891 644 940; x_wconf 65' lang='lat' dir='ltr'><strong>nostrorum</strong></span> <span class='ocrx_word' id='word_1_40' title='bbox 668 877 784 945; x_wconf 82' lang='lat' dir='ltr'><strong>Jadre.</strong></span> <span class='ocrx_word' id='word_1_41' title='bbox 810 879 859 942; x_wconf 86' lang='lat' dir='ltr'><strong>vel</strong></span> <span class='ocrx_word' id='word_1_42' title='bbox 885 901 944 962; x_wconf 87' lang='lat' dir='ltr'><strong>per</strong></span> <span class='ocrx_word' id='word_1_43' title='bbox 969 896 1115 944; x_wconf 77' lang='lat' dir='ltr'><strong>texeram</strong></span> <span class='ocrx_word' id='word_1_44' title='bbox 1141 879 1190 941; x_wconf 80' lang='lat' dir='ltr'><strong>rel</strong></span> <span class='ocrx_word' id='word_1_45' title='bbox 1216 901 1275 960; x_wconf 91' lang='lat' dir='ltr'><strong>per</strong></span> <span class='ocrx_word' id='word_1_46' title='bbox 1290 875 1499 942; x_wconf 89' lang='lat' dir='ltr'><strong>concordium</strong></span> <span class='ocrx_word' id='word_1_47' title='bbox 1546 879 1552 887; x_wconf 88' lang='grc'><em>“</em></span> 
     </span>
    </p>
   </div>
   <div class='ocr_carea' id='block_1_4' title="bbox 364 982 1502 4540">
    <p class='ocr_par' dir='ltr' id='par_1_5' title="bbox 366 982 1502 1936">
     <span class='ocr_line' id='line_1_7' title="bbox 368 982 1502 1069; baseline 0.001 -22"><span class='ocrx_word' id='word_1_48' title='bbox 368 1003 440 1047; x_wconf 84' lang='lat' dir='ltr'><strong>curn</strong></span> <span class='ocrx_word' id='word_1_49' title='bbox 458 983 514 1047; x_wconf 86' lang='lat' dir='ltr'><strong>illa</strong></span> <span class='ocrx_word' id='word_1_50' title='bbox 542 985 777 1053; x_wconf 78' lang='lat' dir='ltr'><strong>commissione.</strong></span> <span class='ocrx_word' id='word_1_51' title='bbox 802 1009 865 1067; x_wconf 92' lang='lat' dir='ltr'><strong>qne</strong></span> <span class='ocrx_word' id='word_1_52' title='bbox 884 987 914 1050; x_wconf 91' lang='lat' dir='ltr'><strong>ei</strong></span> <span class='ocrx_word' id='word_1_53' title='bbox 939 985 1073 1050; x_wconf 86' lang='lat' dir='ltr'><strong>dabitur</strong></span> <span class='ocrx_word' id='word_1_54' title='bbox 1097 1009 1154 1069; x_wconf 88' lang='lat' dir='ltr'><strong>per</strong></span> <span class='ocrx_word' id='word_1_55' title='bbox 1169 985 1362 1068; x_wconf 73' lang='lat' dir='ltr'><strong>Collegium.</strong></span> <span class='ocrx_word' id='word_1_56' title='bbox 1386 982 1502 1048; x_wconf 66' lang='lat' dir='ltr'><strong>Placet</strong></span> 
     </span>
     <span class='ocr_line' id='line_1_8' title="bbox 368 1091 1501 1179; baseline -0.001 -23"><span class='ocrx_word' id='word_1_57' title='bbox 368 1092 472 1172; x_wconf 79' lang='lat' dir='ltr'><strong>nobis,</strong></span> <span class='ocrx_word' id='word_1_58' title='bbox 489 1091 576 1176; x_wconf 88' lang='lat' dir='ltr'><strong>quod</strong></span> <span class='ocrx_word' id='word_1_59' title='bbox 602 1091 643 1156; x_wconf 90' lang='lat' dir='ltr'><strong>de</strong></span> <span class='ocrx_word' id='word_1_60' title='bbox 669 1093 847 1160; x_wconf 78' lang='lat' dir='ltr'>rebellione</span> <span class='ocrx_word' id='word_1_61' title='bbox 878 1096 1040 1179; x_wconf 71' lang='lat' dir='ltr'>provincie</span> <span class='ocrx_word' id='word_1_62' title='bbox 1065 1093 1298 1159; x_wconf 77' lang='lat' dir='ltr'><strong>Transilvanie</strong></span> <span class='ocrx_word' id='word_1_63' title='bbox 1338 1113 1394 1157; x_wconf 89' lang='lat' dir='ltr'><strong>vos</strong></span> <span class='ocrx_word' id='word_1_64' title='bbox 1424 1113 1501 1155; x_wconf 88' lang='lat' dir='ltr'><strong>cum</strong></span> 
     </span>
     <span class='ocr_line' id='line_1_9' title="bbox 366 1199 1499 1282; baseline 0 -18"><span class='ocrx_word' id='word_1_65' title='bbox 366 1199 473 1282; x_wconf 77' lang='lat' dir='ltr'><strong>Regia</strong></span> <span class='ocrx_word' id='word_1_66' title='bbox 498 1200 710 1266; x_wconf 78' lang='lat' dir='ltr'><strong>Sublimitate</strong></span> <span class='ocrx_word' id='word_1_67' title='bbox 735 1203 980 1271; x_wconf 80' lang='lat' dir='ltr'><strong>condolueritis</strong></span> <span class='ocrx_word' id='word_1_68' title='bbox 1004 1213 1035 1268; x_wconf 89' lang='lat' dir='ltr'><strong>et</strong></span> <span class='ocrx_word' id='word_1_69' title='bbox 1061 1204 1102 1268; x_wconf 89' lang='lat' dir='ltr'><strong>de</strong></span> <span class='ocrx_word' id='word_1_70' title='bbox 1127 1202 1315 1266; x_wconf 83' lang='lat' dir='ltr'><strong>reductione</strong></span> <span class='ocrx_word' id='word_1_71' title='bbox 1345 1200 1433 1265; x_wconf 87' lang='lat' dir='ltr'><strong>illius</strong></span> <span class='ocrx_word' id='word_1_72' title='bbox 1456 1201 1499 1264; x_wconf 87' lang='lat' dir='ltr'><strong>ad</strong></span> 
     </span>
     <span class='ocr_line' id='line_1_10' title="bbox 368 1307 1499 1395; baseline -0.002 -22"><span class='ocrx_word' id='word_1_73' title='bbox 368 1307 587 1373; x_wconf 84' lang='lat' dir='ltr'><strong>obedientiam</strong></span> <span class='ocrx_word' id='word_1_74' title='bbox 605 1309 755 1392; x_wconf 82' lang='lat' dir='ltr'><strong>Regiam,</strong></span> <span class='ocrx_word' id='word_1_75' title='bbox 771 1311 877 1394; x_wconf 82' lang='lat' dir='ltr'><strong>deque</strong></span> <span class='ocrx_word' id='word_1_76' title='bbox 895 1313 1059 1395; x_wconf 72' lang='lat' dir='ltr'><strong>prosperis</strong></span> <span class='ocrx_word' id='word_1_77' title='bbox 1075 1311 1164 1374; x_wconf 92' lang='lat' dir='ltr'><strong>illins</strong></span> <span class='ocrx_word' id='word_1_78' title='bbox 1180 1309 1380 1376; x_wconf 76' lang='lat' dir='ltr'><strong>successibus</strong></span> <span class='ocrx_word' id='word_1_79' title='bbox 1402 1308 1499 1372; x_wconf 83' lang='lat' dir='ltr'><strong>lueri-</strong></span> 
     </span>
     <span class='ocr_line' id='line_1_11' title="bbox 367 1417 1500 1502; baseline 0.001 -23"><span class='ocrx_word' id='word_1_80' title='bbox 367 1419 409 1480; x_wconf 82' lang='lat' dir='ltr'><strong>tis</strong></span> <span class='ocrx_word' id='word_1_81' title='bbox 425 1417 690 1498; x_wconf 74' lang='lat' dir='ltr'><strong>congratulatus:</strong></span> <span class='ocrx_word' id='word_1_82' title='bbox 716 1422 826 1502; x_wconf 78' lang='lat' dir='ltr'><strong>sicque</strong></span> <span class='ocrx_word' id='word_1_83' title='bbox 844 1421 991 1485; x_wconf 72' lang='lat' dir='ltr'><strong>volumus</strong></span> <span class='ocrx_word' id='word_1_84' title='bbox 1008 1430 1041 1484; x_wconf 90' lang='lat' dir='ltr'><strong>et</strong></span> <span class='ocrx_word' id='word_1_85' title='bbox 1057 1421 1148 1485; x_wconf 87' lang='lat' dir='ltr'><strong>vobis</strong></span> <span class='ocrx_word' id='word_1_86' title='bbox 1171 1419 1373 1496; x_wconf 68' lang='lat' dir='ltr'><strong>mandamus</strong></span> <span class='ocrx_word' id='word_1_87' title='bbox 1388 1423 1426 1482; x_wconf 86' lang='lat' dir='ltr'><strong>nt</strong></span> <span class='ocrx_word' id='word_1_88' title='bbox 1440 1417 1500 1480; x_wconf 90' lang='lat' dir='ltr'><strong>im-</strong></span> 
     </span>
     <span class='ocr_line' id='line_1_12' title="bbox 367 1525 1496 1612; baseline 0 -21"><span class='ocrx_word' id='word_1_89' title='bbox 367 1536 532 1611; x_wconf 74' lang='lat' dir='ltr'><strong>posterum</strong></span> <span class='ocrx_word' id='word_1_90' title='bbox 549 1528 590 1592; x_wconf 90' lang='lat' dir='ltr'><strong>de</strong></span> <span class='ocrx_word' id='word_1_91' title='bbox 606 1531 691 1592; x_wconf 91' lang='lat' dir='ltr'><strong>omui</strong></span> <span class='ocrx_word' id='word_1_92' title='bbox 709 1531 844 1594; x_wconf 88' lang='lat' dir='ltr'><strong>comodo</strong></span> <span class='ocrx_word' id='word_1_93' title='bbox 860 1540 891 1594; x_wconf 87' lang='lat' dir='ltr'><strong>et</strong></span> <span class='ocrx_word' id='word_1_94' title='bbox 908 1530 1077 1596; x_wconf 78' lang='lat' dir='ltr'><strong>incomoda</strong></span> <span class='ocrx_word' id='word_1_95' title='bbox 1093 1540 1290 1606; x_wconf 78' lang='lat' dir='ltr'><strong>oecurrente,</strong></span> <span class='ocrx_word' id='word_1_96' title='bbox 1302 1525 1496 1612; x_wconf 31' lang='lat' dir='ltr'><strong>cum‘Regiu</strong></span> 
     </span>
     <span class='ocr_line' id='line_1_13' title="bbox 368 1633 1495 1718; baseline -0.003 -18"><span class='ocrx_word' id='word_1_97' title='bbox 368 1634 578 1701; x_wconf 82' lang='lat' dir='ltr'><strong>Sublimitate</strong></span> <span class='ocrx_word' id='word_1_98' title='bbox 594 1648 625 1700; x_wconf 90' lang='lat' dir='ltr'><strong>et</strong></span> <span class='ocrx_word' id='word_1_99' title='bbox 642 1660 714 1702; x_wconf 89' lang='lat' dir='ltr'><strong>cum</strong></span> <span class='ocrx_word' id='word_1_100' title='bbox 732 1640 882 1704; x_wconf 86' lang='lat' dir='ltr'><strong>omnibns</strong></span> <span class='ocrx_word' id='word_1_101' title='bbox 899 1641 967 1704; x_wconf 90' lang='lat' dir='ltr'><strong>suis</strong></span> <span class='ocrx_word' id='word_1_102' title='bbox 983 1641 1184 1704; x_wconf 77' lang='lat' dir='ltr'><strong>condoleatis</strong></span> <span class='ocrx_word' id='word_1_103' title='bbox 1210 1650 1242 1702; x_wconf 91' lang='lat' dir='ltr'><strong>et</strong></span> <span class='ocrx_word' id='word_1_104' title='bbox 1259 1633 1495 1718; x_wconf 74' lang='lat' dir='ltr'><strong>congaudentis</strong></span> 
     </span>
     <span class='ocr_line' id='line_1_14' title="bbox 367 1743 1495 1824; baseline 0 -16"><span class='ocrx_word' id='word_1_105' title='bbox 367 1754 479 1810; x_wconf 67' lang='lat' dir='ltr'><strong>mistro</strong></span> <span class='ocrx_word' id='word_1_106' title='bbox 504 1746 641 1810; x_wconf 88' lang='lat' dir='ltr'><strong>nomine.</strong></span> <span class='ocrx_word' id='word_1_107' title='bbox 657 1767 728 1810; x_wconf 88' lang='lat' dir='ltr'><strong>cum</strong></span> <span class='ocrx_word' id='word_1_108' title='bbox 755 1749 904 1813; x_wconf 88' lang='lat' dir='ltr'><strong>omuibus</strong></span> <span class='ocrx_word' id='word_1_109' title='bbox 928 1749 1053 1813; x_wconf 84' lang='lat' dir='ltr'><strong>idoneis</strong></span> <span class='ocrx_word' id='word_1_110' title='bbox 1078 1760 1110 1812; x_wconf 93' lang='lat' dir='ltr'><strong>et</strong></span> <span class='ocrx_word' id='word_1_111' title='bbox 1136 1746 1354 1812; x_wconf 84' lang='lat' dir='ltr'><strong>accomodatis</strong></span> <span class='ocrx_word' id='word_1_112' title='bbox 1378 1743 1495 1824; x_wconf 85' lang='lat' dir='ltr'><strong>verbis,</strong></span> 
     </span>
     <span class='ocr_line' id='line_1_15' title="bbox 367 1851 764 1936; baseline -0.003 -18"><span class='ocrx_word' id='word_1_113' title='bbox 367 1873 430 1936; x_wconf 88' lang='lat' dir='ltr'><strong>que</strong></span> <span class='ocrx_word' id='word_1_114' title='bbox 447 1851 538 1917; x_wconf 90' lang='lat' dir='ltr'><strong>vobis</strong></span> <span class='ocrx_word' id='word_1_115' title='bbox 552 1855 764 1918; x_wconf 82' lang='lat' dir='ltr'><strong>occurrerint.</strong></span> 
     </span>
    </p>

    <p class='ocr_par' dir='ltr' id='par_1_6' title="bbox 364 1957 1499 4540">
     <span class='ocr_line' id='line_1_16' title="bbox 475 1957 1496 2046; baseline -0.002 -22"><span class='ocrx_word' id='word_1_116' title='bbox 475 1957 571 2024; x_wconf 84' lang='lat' dir='ltr'><strong>Circa</strong></span> <span class='ocrx_word' id='word_1_117' title='bbox 588 1963 756 2025; x_wconf 83' lang='lat' dir='ltr'><strong>materiam</strong></span> <span class='ocrx_word' id='word_1_118' title='bbox 775 1971 987 2046; x_wconf 81' lang='lat' dir='ltr'><strong>treuguamm</strong></span> <span class='ocrx_word' id='word_1_119' title='bbox 1003 1965 1223 2042; x_wconf 70' lang='lat' dir='ltr'><strong>voluissemus,</strong></span> <span class='ocrx_word' id='word_1_120' title='bbox 1248 1969 1283 2024; x_wconf 91' lang='lat' dir='ltr'><strong>ut</strong></span> <span class='ocrx_word' id='word_1_121' title='bbox 1308 1983 1365 2025; x_wconf 88' lang='lat' dir='ltr'><strong>vos</strong></span> <span class='ocrx_word' id='word_1_122' title='bbox 1389 1961 1422 2024; x_wconf 92' lang='lat' dir='ltr'><strong>in</strong></span> <span class='ocrx_word' id='word_1_123' title='bbox 1438 1959 1496 2023; x_wconf 83' lang='lat' dir='ltr'><strong>illu</strong></span> 
     </span>
     <span class='ocr_line' id='line_1_17' title="bbox 367 2067 1495 2150; baseline -0.003 -17"><span class='ocrx_word' id='word_1_124' title='bbox 367 2069 514 2148; x_wconf 86' lang='lat' dir='ltr'><strong>materia,</strong></span> <span class='ocrx_word' id='word_1_125' title='bbox 531 2089 594 2150; x_wconf 89' lang='lat' dir='ltr'><strong>qne</strong></span> <span class='ocrx_word' id='word_1_126' title='bbox 611 2070 643 2132; x_wconf 92' lang='lat' dir='ltr'><strong>iu</strong></span> <span class='ocrx_word' id='word_1_127' title='bbox 660 2079 767 2133; x_wconf 87' lang='lat' dir='ltr'><strong>vestra</strong></span> <span class='ocrx_word' id='word_1_128' title='bbox 787 2073 1012 2136; x_wconf 86' lang='lat' dir='ltr'><strong>commissione</strong></span> <span class='ocrx_word' id='word_1_129' title='bbox 1029 2073 1122 2138; x_wconf 87' lang='lat' dir='ltr'><strong>vobis</strong></span> <span class='ocrx_word' id='word_1_130' title='bbox 1138 2089 1203 2134; x_wconf 91' lang='lat' dir='ltr'><strong>non</strong></span> <span class='ocrx_word' id='word_1_131' title='bbox 1220 2075 1270 2134; x_wconf 89' lang='lat' dir='ltr'><strong>est</strong></span> <span class='ocrx_word' id='word_1_132' title='bbox 1287 2067 1495 2146; x_wconf 83' lang='lat' dir='ltr'><strong>demandata,</strong></span> 
     </span>
     <span class='ocr_line' id='line_1_18' title="bbox 367 2177 1495 2257; baseline -0.005 -15"><span class='ocrx_word' id='word_1_133' title='bbox 367 2197 431 2242; x_wconf 91' lang='lat' dir='ltr'><strong>non</strong></span> <span class='ocrx_word' id='word_1_134' title='bbox 447 2177 712 2240; x_wconf 87' lang='lat' dir='ltr'><strong>immiscuissetis.</strong></span> <span class='ocrx_word' id='word_1_135' title='bbox 737 2177 900 2257; x_wconf 91' lang='lat' dir='ltr'><strong>quomodo</strong></span> <span class='ocrx_word' id='word_1_136' title='bbox 925 2199 989 2242; x_wconf 92' lang='lat' dir='ltr'><strong>non</strong></span> <span class='ocrx_word' id='word_1_137' title='bbox 1015 2177 1203 2243; x_wconf 81' lang='lat' dir='ltr'><strong>dubitamus</strong></span> <span class='ocrx_word' id='word_1_138' title='bbox 1218 2199 1275 2242; x_wconf 80' lang='lat' dir='ltr'><strong>vos</strong></span> <span class='ocrx_word' id='word_1_139' title='bbox 1298 2183 1409 2240; x_wconf 85' lang='lat' dir='ltr'><strong>tenere</strong></span> <span class='ocrx_word' id='word_1_140' title='bbox 1432 2194 1495 2237; x_wconf 89' lang='lat' dir='ltr'><strong>me-</strong></span> 
     </span>
     <span class='ocr_line' id='line_1_19' title="bbox 366 2281 1497 2371; baseline -0.003 -23"><span class='ocrx_word' id='word_1_141' title='bbox 366 2285 467 2348; x_wconf 89' lang='lat' dir='ltr'><strong>morie</strong></span> <span class='ocrx_word' id='word_1_142' title='bbox 493 2283 631 2366; x_wconf 84' lang='lat' dir='ltr'><strong>Regiam</strong></span> <span class='ocrx_word' id='word_1_143' title='bbox 658 2283 901 2351; x_wconf 80' lang='lat' dir='ltr'><strong>Sublimitatem</strong></span> <span class='ocrx_word' id='word_1_144' title='bbox 926 2309 985 2370; x_wconf 91' lang='lat' dir='ltr'><strong>per</strong></span> <span class='ocrx_word' id='word_1_145' title='bbox 1010 2289 1080 2371; x_wconf 86' lang='lat' dir='ltr'><strong>ejus</strong></span> <span class='ocrx_word' id='word_1_146' title='bbox 1107 2286 1283 2352; x_wconf 85' lang='lat' dir='ltr'><strong>Oratorem</strong></span> <span class='ocrx_word' id='word_1_147' title='bbox 1314 2283 1407 2350; x_wconf 91' lang='lat' dir='ltr'><strong>nobis</strong></span> <span class='ocrx_word' id='word_1_148' title='bbox 1432 2281 1497 2346; x_wconf 87' lang='lat' dir='ltr'><strong>dici</strong></span> 
     </span>
     <span class='ocr_line' id='line_1_20' title="bbox 366 2391 1495 2478; baseline -0.001 -22"><span class='ocrx_word' id='word_1_149' title='bbox 366 2391 489 2474; x_wconf 80' lang='lat' dir='ltr'><strong>fecisse,</strong></span> <span class='ocrx_word' id='word_1_150' title='bbox 504 2413 537 2457; x_wconf 89' lang='lat' dir='ltr'><strong>se</strong></span> <span class='ocrx_word' id='word_1_151' title='bbox 564 2414 635 2457; x_wconf 84' lang='lat' dir='ltr'><strong>esse</strong></span> <span class='ocrx_word' id='word_1_152' title='bbox 660 2399 857 2477; x_wconf 81' lang='lat' dir='ltr'><strong>contentam,</strong></span> <span class='ocrx_word' id='word_1_153' title='bbox 879 2403 916 2458; x_wconf 91' lang='lat' dir='ltr'><strong>nt</strong></span> <span class='ocrx_word' id='word_1_154' title='bbox 941 2395 984 2458; x_wconf 91' lang='lat' dir='ltr'><strong>ad</strong></span> <span class='ocrx_word' id='word_1_155' title='bbox 1008 2418 1131 2478; x_wconf 83' lang='lat' dir='ltr'><strong>pacem,</strong></span> <span class='ocrx_word' id='word_1_156' title='bbox 1156 2397 1221 2458; x_wconf 85' lang='lat' dir='ltr'><strong>sive</strong></span> <span class='ocrx_word' id='word_1_157' title='bbox 1242 2403 1400 2476; x_wconf 82' lang='lat' dir='ltr'><strong>treuguas</strong></span> <span class='ocrx_word' id='word_1_158' title='bbox 1423 2413 1495 2455; x_wconf 88' lang='lat' dir='ltr'><strong>cum</strong></span> 
     </span>
     <span class='ocr_line' id='line_1_21' title="bbox 367 2498 1495 2584; baseline -0.003 -20"><span class='ocrx_word' id='word_1_159' title='bbox 367 2499 499 2564; x_wconf 78' lang='lat' dir='ltr'><strong>Turcbo</strong></span> <span class='ocrx_word' id='word_1_160' title='bbox 516 2498 668 2564; x_wconf 80' lang='lat' dir='ltr'><strong>devenire</strong></span> <span class='ocrx_word' id='word_1_161' title='bbox 679 2503 838 2583; x_wconf 88' lang='lat' dir='ltr'><strong>possimus</strong></span> <span class='ocrx_word' id='word_1_162' title='bbox 853 2504 950 2566; x_wconf 86' lang='lat' dir='ltr'><strong>etium</strong></span> <span class='ocrx_word' id='word_1_163' title='bbox 967 2505 1037 2567; x_wconf 91' lang='lat' dir='ltr'><strong>sine</strong></span> <span class='ocrx_word' id='word_1_164' title='bbox 1048 2503 1156 2584; x_wconf 82' lang='lat' dir='ltr'><strong>Regia</strong></span> <span class='ocrx_word' id='word_1_165' title='bbox 1166 2500 1388 2575; x_wconf 85' lang='lat' dir='ltr'><strong>Sublimitate,</strong></span> <span class='ocrx_word' id='word_1_166' title='bbox 1398 2519 1495 2580; x_wconf 86' lang='lat' dir='ltr'><strong>quum</strong></span> 
     </span>
     <span class='ocr_line' id='line_1_22' title="bbox 366 2607 1494 2692; baseline -0.004 -20"><span class='ocrx_word' id='word_1_167' title='bbox 366 2607 611 2691; x_wconf 78' lang='lat' dir='ltr'><strong>promissionem</strong></span> <span class='ocrx_word' id='word_1_168' title='bbox 629 2631 687 2674; x_wconf 88' lang='lat' dir='ltr'><strong>nos</strong></span> <span class='ocrx_word' id='word_1_169' title='bbox 703 2611 941 2691; x_wconf 72' lang='lat' dir='ltr'><strong>acceptavimus</strong></span> <span class='ocrx_word' id='word_1_170' title='bbox 958 2619 988 2676; x_wconf 89' lang='lat' dir='ltr'><strong>et</strong></span> <span class='ocrx_word' id='word_1_171' title='bbox 1006 2612 1062 2675; x_wconf 90' lang='lat' dir='ltr'><strong>illa</strong></span> <span class='ocrx_word' id='word_1_172' title='bbox 1084 2613 1132 2675; x_wconf 89' lang='lat' dir='ltr'><strong>uti</strong></span> <span class='ocrx_word' id='word_1_173' title='bbox 1158 2609 1370 2692; x_wconf 87' lang='lat' dir='ltr'><strong>disponimus,</strong></span> <span class='ocrx_word' id='word_1_174' title='bbox 1395 2627 1494 2689; x_wconf 85' lang='lat' dir='ltr'><strong>quun-</strong></span> 
     </span>
     <span class='ocr_line' id='line_1_23' title="bbox 366 2713 1496 2800; baseline -0.003 -22"><span class='ocrx_word' id='word_1_175' title='bbox 366 2713 533 2800; x_wconf 84' lang='lat' dir='ltr'><strong>docunque</strong></span> <span class='ocrx_word' id='word_1_176' title='bbox 550 2738 584 2780; x_wconf 87' lang='lat' dir='ltr'><strong>se</strong></span> <span class='ocrx_word' id='word_1_177' title='bbox 601 2715 733 2782; x_wconf 80' lang='lat' dir='ltr'><strong>offerret</strong></span> <span class='ocrx_word' id='word_1_178' title='bbox 749 2721 887 2782; x_wconf 89' lang='lat' dir='ltr'><strong>occasio.</strong></span> <span class='ocrx_word' id='word_1_179' title='bbox 906 2719 1029 2784; x_wconf 85' lang='lat' dir='ltr'><strong>Verum</strong></span> <span class='ocrx_word' id='word_1_180' title='bbox 1047 2725 1219 2800; x_wconf 76' lang='lat' dir='ltr'><strong>postquam</strong></span> <span class='ocrx_word' id='word_1_181' title='bbox 1238 2723 1364 2780; x_wconf 87' lang='lat' dir='ltr'><strong>tantam</strong></span> <span class='ocrx_word' id='word_1_182' title='bbox 1380 2713 1412 2776; x_wconf 95' lang='lat' dir='ltr'><strong>in</strong></span> <span class='ocrx_word' id='word_1_183' title='bbox 1430 2734 1496 2776; x_wconf 80' lang='lat' dir='ltr'><strong>ma-</strong></span> 
     </span>
     <span class='ocr_line' id='line_1_24' title="bbox 365 2821 1497 2908; baseline -0.005 -20"><span class='ocrx_word' id='word_1_184' title='bbox 365 2825 484 2888; x_wconf 84' lang='lat' dir='ltr'><strong>teriam</strong></span> <span class='ocrx_word' id='word_1_185' title='bbox 499 2825 580 2890; x_wconf 84' lang='lat' dir='ltr'><strong>estis</strong></span> <span class='ocrx_word' id='word_1_186' title='bbox 596 2825 762 2908; x_wconf 80' lang='lat' dir='ltr'><strong>ingressus</strong></span> <span class='ocrx_word' id='word_1_187' title='bbox 773 2825 814 2888; x_wconf 88' lang='lat' dir='ltr'><strong>ad</strong></span> <span class='ocrx_word' id='word_1_188' title='bbox 826 2826 944 2890; x_wconf 90' lang='lat' dir='ltr'><strong>bonum</strong></span> <span class='ocrx_word' id='word_1_189' title='bbox 958 2827 1063 2902; x_wconf 87' lang='lat' dir='ltr'><strong>finem,</strong></span> <span class='ocrx_word' id='word_1_190' title='bbox 1073 2835 1109 2889; x_wconf 90' lang='lat' dir='ltr'><strong>ut</strong></span> <span class='ocrx_word' id='word_1_191' title='bbox 1125 2825 1356 2903; x_wconf 81' lang='lat' dir='ltr'><strong>existimamus,</strong></span> <span class='ocrx_word' id='word_1_192' title='bbox 1366 2821 1497 2886; x_wconf 83' lang='lat' dir='ltr'><strong>mittere</strong></span> 
     </span>
     <span class='ocr_line' id='line_1_25' title="bbox 365 2931 1499 3017; baseline -0.005 -19"><span class='ocrx_word' id='word_1_193' title='bbox 365 2931 408 2998; x_wconf 87' lang='lat' dir='ltr'><strong>ad</strong></span> <span class='ocrx_word' id='word_1_194' title='bbox 433 2955 489 3000; x_wconf 89' lang='lat' dir='ltr'><strong>vos</strong></span> <span class='ocrx_word' id='word_1_195' title='bbox 513 2932 766 2998; x_wconf 78' lang='lat' dir='ltr'><strong>deliberavimus</strong></span> <span class='ocrx_word' id='word_1_196' title='bbox 801 2935 1002 3017; x_wconf 83' lang='lat' dir='ltr'><strong>syndieatum</strong></span> <span class='ocrx_word' id='word_1_197' title='bbox 1035 2937 1068 2998; x_wconf 93' lang='lat' dir='ltr'><strong>in</strong></span> <span class='ocrx_word' id='word_1_198' title='bbox 1101 2933 1206 2998; x_wconf 80' lang='lat' dir='ltr'><strong>forma</strong></span> <span class='ocrx_word' id='word_1_199' title='bbox 1237 2938 1429 3016; x_wconf 82' lang='lat' dir='ltr'><strong>opportuna,</strong></span> <span class='ocrx_word' id='word_1_200' title='bbox 1461 2933 1499 2992; x_wconf 85' lang='lat' dir='ltr'><strong>ut</strong></span> 
     </span>
     <span class='ocr_line' id='line_1_26' title="bbox 365 3035 1499 3125; baseline -0.004 -19"><span class='ocrx_word' id='word_1_201' title='bbox 365 3041 542 3125; x_wconf 87' lang='lat' dir='ltr'><strong>requiritis,</strong></span> <span class='ocrx_word' id='word_1_202' title='bbox 567 3045 600 3104; x_wconf 84' lang='lat' dir='ltr'><strong>et</strong></span> <span class='ocrx_word' id='word_1_203' title='bbox 624 3039 781 3122; x_wconf 87' lang='lat' dir='ltr'><strong>volumus,</strong></span> <span class='ocrx_word' id='word_1_204' title='bbox 797 3042 951 3124; x_wconf 90' lang='lat' dir='ltr'><strong>vobisque</strong></span> <span class='ocrx_word' id='word_1_205' title='bbox 976 3042 1171 3122; x_wconf 82' lang='lat' dir='ltr'><strong>mandamus</strong></span> <span class='ocrx_word' id='word_1_206' title='bbox 1196 3061 1269 3107; x_wconf 87' lang='lat' dir='ltr'><strong>cum</strong></span> <span class='ocrx_word' id='word_1_207' title='bbox 1285 3047 1398 3104; x_wconf 90' lang='lat' dir='ltr'><strong>nostro</strong></span> <span class='ocrx_word' id='word_1_208' title='bbox 1413 3035 1499 3102; x_wconf 82' lang='lat' dir='ltr'><strong>Gon·</strong></span> 
     </span>
     <span class='ocr_line' id='line_1_27' title="bbox 365 3148 1498 3234; baseline -0.006 -19"><span class='ocrx_word' id='word_1_209' title='bbox 365 3149 438 3216; x_wconf 90' lang='lat' dir='ltr'><strong>silio</strong></span> <span class='ocrx_word' id='word_1_210' title='bbox 453 3148 669 3232; x_wconf 79' lang='lat' dir='ltr'><strong>Rogatorum,</strong></span> <span class='ocrx_word' id='word_1_211' title='bbox 686 3155 720 3213; x_wconf 88' lang='lat' dir='ltr'><strong>ut</strong></span> <span class='ocrx_word' id='word_1_212' title='bbox 736 3150 931 3232; x_wconf 89' lang='lat' dir='ltr'><strong>procedente</strong></span> <span class='ocrx_word' id='word_1_213' title='bbox 948 3153 1084 3234; x_wconf 87' lang='lat' dir='ltr'><strong>pratica‚</strong></span> <span class='ocrx_word' id='word_1_214' title='bbox 1108 3159 1139 3216; x_wconf 90' lang='lat' dir='ltr'><strong>et</strong></span> <span class='ocrx_word' id='word_1_215' title='bbox 1160 3149 1364 3215; x_wconf 88' lang='lat' dir='ltr'><strong>conclusione</strong></span> <span class='ocrx_word' id='word_1_216' title='bbox 1380 3166 1498 3229; x_wconf 89' lang='lat' dir='ltr'><strong>appro-</strong></span> 
     </span>
     <span class='ocr_line' id='line_1_28' title="bbox 364 3258 1493 3344; baseline -0.007 -20"><span class='ocrx_word' id='word_1_217' title='bbox 364 3259 544 3344; x_wconf 85' lang='lat' dir='ltr'><strong>pinquante</strong></span> <span class='ocrx_word' id='word_1_218' title='bbox 568 3258 698 3340; x_wconf 88' lang='lat' dir='ltr'><strong>operati</strong></span> <span class='ocrx_word' id='word_1_219' title='bbox 724 3259 811 3322; x_wconf 91' lang='lat' dir='ltr'><strong>omni</strong></span> <span class='ocrx_word' id='word_1_220' title='bbox 837 3267 942 3323; x_wconf 87' lang='lat' dir='ltr'><strong>vestro</strong></span> <span class='ocrx_word' id='word_1_221' title='bbox 971 3259 1079 3323; x_wconf 88' lang='lat' dir='ltr'><strong>studio</strong></span> <span class='ocrx_word' id='word_1_222' title='bbox 1103 3259 1258 3336; x_wconf 86' lang='lat' dir='ltr'><strong>debeatis,</strong></span> <span class='ocrx_word' id='word_1_223' title='bbox 1289 3261 1326 3320; x_wconf 90' lang='lat' dir='ltr'><strong>ut</strong></span> <span class='ocrx_word' id='word_1_224' title='bbox 1356 3261 1493 3336; x_wconf 85' lang='lat' dir='ltr'><strong>treugue</strong></span> 
     </span>
     <span class='ocr_line' id='line_1_29' title="bbox 366 3362 1496 3450; baseline -0.006 -17"><span class='ocrx_word' id='word_1_225' title='bbox 366 3371 435 3450; x_wconf 87' lang='lat' dir='ltr'><strong>ipse</strong></span> <span class='ocrx_word' id='word_1_226' title='bbox 452 3364 535 3430; x_wconf 83' lang='lat' dir='ltr'><strong>liant</strong></span> <span class='ocrx_word' id='word_1_227' title='bbox 550 3385 608 3448; x_wconf 90' lang='lat' dir='ltr'><strong>per</strong></span> <span class='ocrx_word' id='word_1_228' title='bbox 625 3365 851 3449; x_wconf 82' lang='lat' dir='ltr'><strong>quamlougius</strong></span> <span class='ocrx_word' id='word_1_229' title='bbox 867 3373 995 3449; x_wconf 89' lang='lat' dir='ltr'><strong>tempus</strong></span> <span class='ocrx_word' id='word_1_230' title='bbox 1011 3373 1044 3430; x_wconf 88' lang='lat' dir='ltr'><strong>et</strong></span> <span class='ocrx_word' id='word_1_231' title='bbox 1060 3366 1177 3432; x_wconf 87' lang='lat' dir='ltr'><strong>saltem</strong></span> <span class='ocrx_word' id='word_1_232' title='bbox 1201 3388 1260 3449; x_wconf 91' lang='lat' dir='ltr'><strong>per</strong></span> <span class='ocrx_word' id='word_1_233' title='bbox 1285 3385 1388 3430; x_wconf 90' lang='lat' dir='ltr'><strong>anuos</strong></span> <span class='ocrx_word' id='word_1_234' title='bbox 1403 3362 1496 3436; x_wconf 88' lang='lat' dir='ltr'><strong>duos,</strong></span> 
     </span>
     <span class='ocr_line' id='line_1_30' title="bbox 367 3470 1495 3558; baseline -0.005 -18"><span class='ocrx_word' id='word_1_235' title='bbox 367 3475 416 3540; x_wconf 86' lang='lat' dir='ltr'><strong>vel</strong></span> <span class='ocrx_word' id='word_1_236' title='bbox 432 3496 452 3538; x_wconf 83' lang='lat' dir='ltr'><strong>a</strong></span> <span class='ocrx_word' id='word_1_237' title='bbox 468 3472 594 3538; x_wconf 91' lang='lat' dir='ltr'><strong>duobus</strong></span> <span class='ocrx_word' id='word_1_238' title='bbox 610 3474 704 3538; x_wconf 90' lang='lat' dir='ltr'><strong>annis</strong></span> <span class='ocrx_word' id='word_1_239' title='bbox 729 3495 828 3556; x_wconf 86' lang='lat' dir='ltr'><strong>supra</strong></span> <span class='ocrx_word' id='word_1_240' title='bbox 852 3473 1005 3557; x_wconf 88' lang='lat' dir='ltr'><strong>possibile</strong></span> <span class='ocrx_word' id='word_1_241' title='bbox 1030 3477 1081 3558; x_wconf 81' lang='lat' dir='ltr'><strong>sit,</strong></span> <span class='ocrx_word' id='word_1_242' title='bbox 1098 3482 1130 3540; x_wconf 89' lang='lat' dir='ltr'><strong>et</strong></span> <span class='ocrx_word' id='word_1_243' title='bbox 1147 3498 1212 3539; x_wconf 93' lang='lat' dir='ltr'><strong>non</strong></span> <span class='ocrx_word' id='word_1_244' title='bbox 1228 3470 1392 3557; x_wconf 88' lang='lat' dir='ltr'><strong>possendo</strong></span> <span class='ocrx_word' id='word_1_245' title='bbox 1408 3471 1495 3536; x_wconf 81' lang='lat' dir='ltr'><strong>sactu</strong></span> 
     </span>
     <span class='ocr_line' id='line_1_31' title="bbox 365 3577 1498 3666; baseline -0.007 -18"><span class='ocrx_word' id='word_1_246' title='bbox 365 3585 454 3648; x_wconf 89' lang='lat' dir='ltr'><strong>omni</strong></span> <span class='ocrx_word' id='word_1_247' title='bbox 470 3583 660 3666; x_wconf 82' lang='lat' dir='ltr'><strong>expetentia</strong></span> <span class='ocrx_word' id='word_1_248' title='bbox 675 3582 772 3646; x_wconf 83' lang='lat' dir='ltr'><strong>aliter</strong></span> <span class='ocrx_word' id='word_1_249' title='bbox 785 3581 1022 3662; x_wconf 84' lang='lat' dir='ltr'><strong>facere,sumus</strong></span> <span class='ocrx_word' id='word_1_250' title='bbox 1039 3585 1193 3664; x_wconf 85' lang='lat' dir='ltr'><strong>contenti,</strong></span> <span class='ocrx_word' id='word_1_251' title='bbox 1208 3591 1245 3647; x_wconf 88' lang='lat' dir='ltr'><strong>ut</strong></span> <span class='ocrx_word' id='word_1_252' title='bbox 1261 3579 1438 3646; x_wconf 84' lang='lat' dir='ltr'><strong>deveniatis</strong></span> <span class='ocrx_word' id='word_1_253' title='bbox 1454 3577 1498 3642; x_wconf 87' lang='lat' dir='ltr'><strong>ad</strong></span> 
     </span>
     <span class='ocr_line' id='line_1_32' title="bbox 365 3685 1499 3775; baseline -0.008 -18"><span class='ocrx_word' id='word_1_254' title='bbox 365 3691 441 3757; x_wconf 82' lang='lat' dir='ltr'><strong>illas</strong></span> <span class='ocrx_word' id='word_1_255' title='bbox 473 3695 629 3774; x_wconf 81' lang='lat' dir='ltr'><strong>treuguas</strong></span> <span class='ocrx_word' id='word_1_256' title='bbox 654 3711 712 3772; x_wconf 86' lang='lat' dir='ltr'><strong>per</strong></span> <span class='ocrx_word' id='word_1_257' title='bbox 737 3689 819 3755; x_wconf 91' lang='lat' dir='ltr'><strong>illud</strong></span> <span class='ocrx_word' id='word_1_258' title='bbox 845 3698 982 3775; x_wconf 87' lang='lat' dir='ltr'><strong>tempus,</strong></span> <span class='ocrx_word' id='word_1_259' title='bbox 1007 3714 1066 3774; x_wconf 89' lang='lat' dir='ltr'><strong>per</strong></span> <span class='ocrx_word' id='word_1_260' title='bbox 1091 3692 1178 3774; x_wconf 88' lang='lat' dir='ltr'><strong>quod</strong></span> <span class='ocrx_word' id='word_1_261' title='bbox 1205 3687 1371 3754; x_wconf 88' lang='lat' dir='ltr'><strong>devenerit</strong></span> <span class='ocrx_word' id='word_1_262' title='bbox 1390 3685 1499 3768; x_wconf 83' lang='lat' dir='ltr'><strong>Regia</strong></span> 
     </span>
     <span class='ocr_line' id='line_1_33' title="bbox 365 3793 1497 3883; baseline -0.009 -18"><span class='ocrx_word' id='word_1_263' title='bbox 365 3799 526 3883; x_wconf 82' lang='lat' dir='ltr'><strong>Majestas</strong></span> <span class='ocrx_word' id='word_1_264' title='bbox 542 3803 575 3862; x_wconf 81' lang='lat' dir='ltr'><strong>et</strong></span> <span class='ocrx_word' id='word_1_265' title='bbox 591 3819 664 3864; x_wconf 85' lang='lat' dir='ltr'><strong>oum</strong></span> <span class='ocrx_word' id='word_1_266' title='bbox 679 3799 743 3862; x_wconf 83' lang='lat' dir='ltr'><strong>hac</strong></span> <span class='ocrx_word' id='word_1_267' title='bbox 766 3820 922 3882; x_wconf 87' lang='lat' dir='ltr'><strong>expressa</strong></span> <span class='ocrx_word' id='word_1_268' title='bbox 947 3800 1144 3879; x_wconf 86' lang='lat' dir='ltr'><strong>conditione,</strong></span> <span class='ocrx_word' id='word_1_269' title='bbox 1169 3821 1268 3882; x_wconf 89' lang='lat' dir='ltr'><strong>quam</strong></span> <span class='ocrx_word' id='word_1_270' title='bbox 1292 3817 1365 3860; x_wconf 86' lang='lat' dir='ltr'><strong>cunt</strong></span> <span class='ocrx_word' id='word_1_271' title='bbox 1381 3793 1497 3858; x_wconf 74' lang='lat' dir='ltr'><strong>Tuscis</strong></span> 
     </span>
     <span class='ocr_line' id='line_1_34' title="bbox 366 3901 1495 3991; baseline -0.008 -17"><span class='ocrx_word' id='word_1_272' title='bbox 366 3929 492 3990; x_wconf 89' lang='lat' dir='ltr'><strong>semper</strong></span> <span class='ocrx_word' id='word_1_273' title='bbox 509 3907 688 3990; x_wconf 84' lang='lat' dir='ltr'><strong>habuimus,</strong></span> <span class='ocrx_word' id='word_1_274' title='bbox 714 3906 907 3991; x_wconf 86' lang='lat' dir='ltr'><strong>quodcirca</strong></span> <span class='ocrx_word' id='word_1_275' title='bbox 931 3907 1054 3991; x_wconf 73' lang='lat' dir='ltr'><strong>galeae,</strong></span> <span class='ocrx_word' id='word_1_276' title='bbox 1079 3908 1184 3972; x_wconf 78' lang='lat' dir='ltr'><strong>iustas</strong></span> <span class='ocrx_word' id='word_1_277' title='bbox 1209 3928 1248 3972; x_wconf 83' lang='lat' dir='ltr'><strong>ao</strong></span> <span class='ocrx_word' id='word_1_278' title='bbox 1273 3904 1340 3970; x_wconf 86' lang='lat' dir='ltr'><strong>aliu</strong></span> <span class='ocrx_word' id='word_1_279' title='bbox 1365 3901 1495 3982; x_wconf 84' lang='lat' dir='ltr'><strong>navigia</strong></span> 
     </span>
     <span class='ocr_line' id='line_1_35' title="bbox 367 4015 1497 4101; baseline -0.005 -19"><span class='ocrx_word' id='word_1_280' title='bbox 367 4023 495 4083; x_wconf 83' lang='lat' dir='ltr'><strong>armeta</strong></span> <span class='ocrx_word' id='word_1_281' title='bbox 510 4039 630 4098; x_wconf 90' lang='lat' dir='ltr'><strong>eorum,</strong></span> <span class='ocrx_word' id='word_1_282' title='bbox 647 4039 710 4101; x_wconf 86' lang='lat' dir='ltr'><strong>que</strong></span> <span class='ocrx_word' id='word_1_283' title='bbox 725 4041 747 4082; x_wconf 89' lang='lat' dir='ltr'><strong>a</strong></span> <span class='ocrx_word' id='word_1_284' title='bbox 762 4019 881 4083; x_wconf 89' lang='lat' dir='ltr'><strong>nostris</strong></span> <span class='ocrx_word' id='word_1_285' title='bbox 906 4023 1001 4082; x_wconf 87' lang='lat' dir='ltr'><strong>extra</strong></span> <span class='ocrx_word' id='word_1_286' title='bbox 1026 4019 1176 4082; x_wconf 85' lang='lat' dir='ltr'><strong>strictum</strong></span> <span class='ocrx_word' id='word_1_287' title='bbox 1196 4015 1414 4098; x_wconf 88' lang='lat' dir='ltr'><strong>reperirentur</strong></span> <span class='ocrx_word' id='word_1_288' title='bbox 1429 4017 1462 4075; x_wconf 89' lang='lat' dir='ltr'><strong>et</strong></span> <span class='ocrx_word' id='word_1_289' title='bbox 1479 4033 1497 4076; x_wconf 85' lang='lat' dir='ltr'><strong>e</strong></span> 
     </span>
     <span class='ocr_line' id='line_1_36' title="bbox 367 4118 1498 4210; baseline -0.009 -19"><span class='ocrx_word' id='word_1_290' title='bbox 367 4147 539 4192; x_wconf 88' lang='lat' dir='ltr'><strong>converso:</strong></span> <span class='ocrx_word' id='word_1_291' title='bbox 556 4130 702 4190; x_wconf 84' lang='lat' dir='ltr'><strong>servetur</strong></span> <span class='ocrx_word' id='word_1_292' title='bbox 718 4126 855 4208; x_wconf 86' lang='lat' dir='ltr'><strong>antiqua</strong></span> <span class='ocrx_word' id='word_1_293' title='bbox 870 4126 1079 4209; x_wconf 87' lang='lat' dir='ltr'><strong>cousuetudo,</strong></span> <span class='ocrx_word' id='word_1_294' title='bbox 1094 4147 1158 4210; x_wconf 92' lang='lat' dir='ltr'><strong>que</strong></span> <span class='ocrx_word' id='word_1_295' title='bbox 1174 4126 1237 4190; x_wconf 86' lang='lat' dir='ltr'><strong>fuit</strong></span> <span class='ocrx_word' id='word_1_296' title='bbox 1252 4129 1285 4188; x_wconf 86' lang='lat' dir='ltr'><strong>et</strong></span> <span class='ocrx_word' id='word_1_297' title='bbox 1299 4127 1359 4200; x_wconf 89' lang='lat' dir='ltr'><strong>est,</strong></span> <span class='ocrx_word' id='word_1_298' title='bbox 1374 4126 1410 4184; x_wconf 86' lang='lat' dir='ltr'><strong>ut</strong></span> <span class='ocrx_word' id='word_1_299' title='bbox 1426 4118 1498 4201; x_wconf 86' lang='lat' dir='ltr'><strong>capi</strong></span> 
     </span>
     <span class='ocr_line' id='line_1_37' title="bbox 365 4229 1499 4317; baseline -0.01 -18"><span class='ocrx_word' id='word_1_300' title='bbox 365 4233 494 4317; x_wconf 87' lang='lat' dir='ltr'><strong>possint</strong></span> <span class='ocrx_word' id='word_1_301' title='bbox 509 4238 542 4296; x_wconf 89' lang='lat' dir='ltr'><strong>et</strong></span> <span class='ocrx_word' id='word_1_302' title='bbox 558 4231 597 4298; x_wconf 89' lang='lat' dir='ltr'><strong>de</strong></span> <span class='ocrx_word' id='word_1_303' title='bbox 614 4232 681 4297; x_wconf 89' lang='lat' dir='ltr'><strong>illis</strong></span> <span class='ocrx_word' id='word_1_304' title='bbox 698 4231 824 4317; x_wconf 91' lang='lat' dir='ltr'><strong>disponi</strong></span> <span class='ocrx_word' id='word_1_305' title='bbox 849 4233 893 4298; x_wconf 87' lang='lat' dir='ltr'><strong>ad</strong></span> <span class='ocrx_word' id='word_1_306' title='bbox 916 4234 1100 4314; x_wconf 87' lang='lat' dir='ltr'><strong>arbitrium,</strong></span> <span class='ocrx_word' id='word_1_307' title='bbox 1125 4236 1194 4299; x_wconf 90' lang='lat' dir='ltr'><strong>siue</strong></span> <span class='ocrx_word' id='word_1_308' title='bbox 1220 4232 1309 4316; x_wconf 86' lang='lat' dir='ltr'><strong>pacis</strong></span> <span class='ocrx_word' id='word_1_309' title='bbox 1336 4229 1384 4293; x_wconf 90' lang='lat' dir='ltr'><strong>vel</strong></span> <span class='ocrx_word' id='word_1_310' title='bbox 1412 4231 1499 4289; x_wconf 74' lang='lat' dir='ltr'><strong>uen-</strong></span> 
     </span>
     <span class='ocr_line' id='line_1_38' title="bbox 367 4333 1499 4424; baseline -0.011 -15"><span class='ocrx_word' id='word_1_311' title='bbox 367 4361 503 4424; x_wconf 76' lang='lat' dir='ltr'><strong>guarum</strong></span> <span class='ocrx_word' id='word_1_312' title='bbox 529 4342 712 4407; x_wconf 85' lang='lat' dir='ltr'><strong>violatione.</strong></span> <span class='ocrx_word' id='word_1_313' title='bbox 738 4338 891 4408; x_wconf 84' lang='lat' dir='ltr'><strong>Ceterum</strong></span> <span class='ocrx_word' id='word_1_314' title='bbox 916 4363 972 4408; x_wconf 89' lang='lat' dir='ltr'><strong>vos</strong></span> <span class='ocrx_word' id='word_1_315' title='bbox 998 4341 1221 4423; x_wconf 77' lang='lat' dir='ltr'><strong>admonemus,</strong></span> <span class='ocrx_word' id='word_1_316' title='bbox 1245 4344 1283 4404; x_wconf 83' lang='lat' dir='ltr'><strong>ut</strong></span> <span class='ocrx_word' id='word_1_317' title='bbox 1307 4339 1341 4402; x_wconf 91' lang='lat' dir='ltr'><strong>in</strong></span> <span class='ocrx_word' id='word_1_318' title='bbox 1372 4333 1499 4400; x_wconf 84' lang='lat' dir='ltr'><strong>conclu-</strong></span> 
     </span>
     <span class='ocr_line' id='line_1_39' title="bbox 367 4441 1498 4540; baseline -0.002 -26"><span class='ocrx_word' id='word_1_319' title='bbox 367 4449 456 4520; x_wconf 90' lang='lat' dir='ltr'><strong>sione</strong></span> <span class='ocrx_word' id='word_1_320' title='bbox 479 4449 550 4539; x_wconf 89' lang='lat' dir='ltr'><strong>ipsa</strong></span> <span class='ocrx_word' id='word_1_321' title='bbox 574 4457 785 4540; x_wconf 78' lang='lat' dir='ltr'><strong>trenguarum</strong></span> <span class='ocrx_word' id='word_1_322' title='bbox 810 4451 958 4520; x_wconf 84' lang='lat' dir='ltr'><strong>habeatis</strong></span> <span class='ocrx_word' id='word_1_323' title='bbox 983 4449 1279 4524; x_wconf 84' lang='lat' dir='ltr'><strong>considerationem</strong></span> <span class='ocrx_word' id='word_1_324' title='bbox 1310 4450 1344 4515; x_wconf 85' lang='lat' dir='ltr'><strong>et</strong></span> <span class='ocrx_word' id='word_1_325' title='bbox 1379 4441 1498 4512; x_wconf 75' lang='lat' dir='ltr'><strong>advet-</strong></span> 
     </span>
    </p>
   </div>
   <div class='ocr_carea' id='block_1_5' title="bbox 0 0 1683 5266">
    <p class='ocr_par' dir='ltr' id='par_1_7' title="bbox 0 0 1683 5266">
     <span class='ocr_line' id='line_1_40' title="bbox 0 0 1683 5266; baseline 0 0"><span class='ocrx_word' id='word_1_326' title='bbox 0 0 1683 5266; x_wconf 95' lang='lat' dir='ltr'><strong> </strong></span> 
     </span>
    </p>
   </div>
  </div>
 </body>
</html>
