3340 5260
671 393 765 454 1466.
821 435 825 438 -
1215 399 1276 457 197

145 591 313 636 sermones
323 572 442 636 iterum
453 571 539 636 inter
555 570 809 654 Imperatoriam
829 571 1081 654 Sublimitatem,
1098 572 1283 639 Illustrissi·

143 700 234 743 mum
254 676 433 744 Dominum
451 679 677 744 Marohiouem
689 677 1047 762 Brandenburgensem,
1058 686 1091 746 et
1109 681 1182 746 illos
1199 681 1282 750 Ora-

143 795 243 870 toreS,
260 810 380 872 vosque
396 809 492 872 super
519 789 649 873 negotio
675 788 855 854 christiano
872 789 1090 855 intelleximus
1107 796 1140 854 et
1155 792 1281 856 conclu-

143 897 269 961 sionem
284 895 416 962 tandem
433 896 562 978 saetam,
580 917 642 980 que
653 895 761 962 omnia
777 897 870 962 nobis
882 896 1056 962 admodum
1072 898 1237 981 placuere,
1248 907 1281 964 et

145 1026 185 1069 ea
203 1005 238 1068 in
255 1002 356 1070 Curia
372 1003 415 1070 ad
431 1011 561 1070 nostros
578 1001 736 1070 Oratores
753 1007 940 1089 scripsimus
957 1007 1194 1072 comunicanda
1207 1029 1280 1074 cum

142 1112 280 1179 Summo
299 1109 468 1180 Pontifice.
485 1114 554 1182 Vos
569 1113 701 1194 instate,
716 1119 754 1177 ut
763 1113 983 1197 Imperatoria
1007 1114 1201 1181 Sublimitas
1212 1139 1278 1182 non

141 1225 273 1286 tantum
290 1222 402 1301 literis,
419 1222 475 1287 sed
492 1221 629 1305 Legatis
645 1222 743 1286 etiam
761 1243 833 1286 cum
851 1220 984 1288 Summo
1002 1222 1163 1288 Pontifice
1181 1247 1278 1309 agere

141 1335 176 1394 et
192 1351 369 1412 procurare
386 1331 549 1413 dignetur,
573 1335 610 1394 ut
634 1329 677 1394 ad
702 1329 854 1398 effectum
880 1331 1078 1414 optimarum
1105 1333 1278 1416 cogitatio·

141 1463 221 1505 num
237 1441 679 1525 ImperatorieOelsitudinis
697 1439 763 1506 Sne
786 1441 1008 1507 deveniantur.

253 1551 299 1614 Et
314 1557 350 1615 ut
370 1551 486 1631 omnia,
503 1572 565 1633 que
582 1550 742 1632 accidunt,
757 1550 848 1614 vobis
873 1557 953 1616 nota
979 1552 1052 1632 sint,
1078 1552 1278 1636 possitisque

140 1662 256 1722 nostro
272 1659 400 1724 nomine
417 1659 633 1742 Imperatoris
650 1657 823 1743 Majestati
848 1657 1028 1741 declarare,
1052 1661 1170 1724 scitote
1185 1683 1278 1728 reno-

140 1772 256 1829 vatum
287 1771 319 1828 et
350 1766 567 1832 instauratum
599 1764 699 1830 luisse
732 1765 784 1830 die
815 1765 918 1830 XXI.
937 1765 1035 1850 hujus
1050 1789 1109 1851 per
1133 1767 1279 1851 benigni-

139 1879 247 1938 tatem
263 1874 325 1939 Dei
343 1882 476 1940 auctore
509 1880 542 1938 et
576 1875 684 1957 capite
710 1872 845 1939 Summo
873 1873 1035 1940 Pontifice
1060 1882 1153 1940 vetus
1178 1876 1277 1941 Italic

140 1980 237 2046 sedus
256 1981 371 2048 initum
388 1983 472 2046 alias
487 1983 573 2046 inter
590 2002 701 2046 omnes
712 1981 811 2046 Italie
827 1987 1017 2065 potentatus
1034 1987 1182 2066 tempore
1198 2005 1277 2066 pon·

139 2089 288 2154 titioatus
302 2088 406 2154 felicis
421 2088 660 2155 recordationis
677 2089 770 2172 Papo
786 2087 918 2153 Nicolai
935 2093 1037 2154 etetc.
1059 2090 1104 2154 Et
1120 2091 1204 2154 nihil
1219 2115 1275 2175 po·

139 2197 261 2262 tuissot
277 2198 425 2263 accidere
448 2197 572 2282 judicio
589 2203 701 2262 nostro
719 2197 924 2278 conformius,
940 2197 1009 2263 sive
1033 2198 1275 2266 accomodatius

140 2305 401 2388 cogitationibus
424 2304 946 2389 ImperatorieCelsitudinis,que
958 2304 1125 2371 Summum
1141 2307 1276 2372 Pontifi-

139 2435 213 2478 cem
231 2421 264 2478 et
280 2433 406 2478 omnem
423 2412 559 2478 Italiam
576 2414 702 2478 unitam
718 2435 827 2479 secum
844 2413 964 2479 habere
983 2415 1106 2497 poterit
1130 2413 1172 2480 ad
1200 2435 1274 2498 pro·

139 2523 340 2588 secutionem
357 2529 513 2606 concepte
530 2528 641 2587 sancte
667 2522 883 2605 expeditionis
900 2529 932 2587 et
959 2522 1118 2606 impresie.
1146 2522 1273 2590 Iccirco

138 2631 184 2694 ad
201 2631 432 2696 maturandum
448 2630 632 2714 principum
658 2638 849 2696 conventum
866 2635 899 2696 et
919 2629 962 2694 ad
978 2632 1121 2694 omnium
1139 2651 1273 2697 concur-

139 2761 222 2820 sum,
249 2739 567 2822 conspirationisque
592 2744 707 2804 contra
735 2759 936 2814 communem
952 2737 1077 2803 hostem
1089 2738 1274 2824 Imperato-

138 2850 226 2912 riam
244 2845 486 2912 sublimitatem
503 2844 604 2912 Suam
620 2845 798 2914 hortemini
814 2853 847 2911 et
863 2845 1033 2911 solicitate.

250 2949 417 3034 Alligatus
434 2959 542 3018 autem
558 2953 671 3018 literas
687 2951 731 3017 ad
747 2950 997 3019 Serenissimum
1014 2951 1191 3018 Dominum
1208 2955 1273 3022 Re·

136 3086 214 3147 gem
230 3062 411 3145 Hungarie,
428 3061 545 3144 quibus
560 3061 808 3128 renovationem
824 3059 946 3127 federis
963 3059 1130 3145 antedicti,
1150 3063 1272 3147 Majes-

139 3173 207 3237 tati
224 3169 290 3236 Sue
317 3169 532 3249 declaramus,
557 3167 678 3236 mittite
703 3191 762 3253 per
787 3169 956 3252 proprium
981 3169 1168 3253 quempiam
1194 3193 1273 3236 nun-

135 3281 231 3364 tium,
248 3279 304 3361 qui
321 3279 566 3361 responsionem
582 3283 742 3362 reportet.

265 3399 287 3446 t
340 3391 403 3450 166
452 3425 494 3434 -
541 3393 561 3450 0
609 3425 652 3434 -
699 3392 728 3450 0.

249 3549 407 3608 (Velenczei
421 3549 600 3613 aillamktinyv
617 3553 674 3600 173.
689 3551 719 3612 l.)
