3356 5266
644 741 696 804 69.

13 905 15 1024 ἶ
99 919 198 983 1469.
215 916 245 984 Α
262 919 417 984 oeleaczei
443 920 662 985 dilamtandee
687 921 881 984 tetdrozatc
906 945 928 984 a
956 921 1108 1006 Sedenipo
1135 924 1234 986 veros

236 1028 408 1094 oedelme're
418 1030 583 1095 keldendt'
597 1029 717 1117 pyalop
733 1029 890 1115 coapatolt
906 1029 1098 1114 tdrpydbao.

99 1221 166 1290 Die
183 1221 284 1294 XVI.
300 1223 382 1311 Maij
401 1229 497 1291 1469.

210 1332 262 1400 Ob
288 1334 455 1400 sinistmm
483 1355 594 1399 casum
620 1333 785 1418 peditibus
811 1336 929 1400 nostris
954 1356 1133 1416 occursum,
1150 1355 1231 1417 quos

98 1442 292 1509 miseramus
317 1443 359 1508 ad
388 1444 551 1509 civitatem
576 1447 720 1509 nostram
737 1441 892 1526 Sibenici‚
916 1443 1044 1509 defectu
1059 1441 1233 1528 prudentie

13 1537 16 1620 i
98 1557 132 1617 ot
158 1551 301 1636 consilij,
317 1546 406 1634 quod
421 1553 538 1620 haberi
564 1551 599 1616 in
624 1551 807 1637 hujusmodi
833 1552 930 1618 rebus
955 1551 1058 1632 decet,
1084 1571 1231 1616 necessa-

98 1661 184 1726 rium
202 1667 260 1743 est,
276 1643 314 1724 ut
328 1659 454 1726 civitati
470 1659 520 1725 illi
547 1657 588 1726 de
611 1681 693 1726 novo
717 1660 872 1744 peditum,
898 1661 1107 1745 equitumque
1131 1659 1232 1743 presi·

99 1769 152 1834 dio
178 1767 390 1853 provideatur
414 1774 447 1833 et
472 1789 531 1851 pro
558 1767 782 1834 stabilimento
816 1769 957 1836 civitatis
992 1777 1026 1836 et
1059 1766 1233 1834 comitatus
1347 1763 1348 1766 ’

13 1955 14 1964 ¹
99 1878 297 1944 constitutus
313 1876 347 1940 in
363 1875 469 1941 multa
487 1873 708 1959 trepidatione
732 1882 767 1941 et
791 1881 829 1942 ut
852 1876 1009 1960 periculis
1033 1875 1152 1942 futuris
1180 1897 1231 1939 oc-

13 1967 15 2066 ἶ
99 1985 188 2050 curri
204 1984 314 2068 possit,
339 1983 430 2048 radit
444 2005 537 2067 pars:
555 1982 643 2066 quod
659 1981 797 2049 Strenua
812 1981 1035 2068 Fantagutius
1053 1985 1093 2049 de
1110 1983 1232 2050 Fonta-

13 2087 15 2142 ὲ
98 2091 198 2158 nellis
223 2092 374 2176 supplere
398 2090 518 2158 debeat
543 2089 746 2172 conductam,
772 2111 869 2174 qnam
896 2093 997 2160 habet
1021 2091 1165 2178 peditum
1192 2089 1231 2155 L.

97 2223 204 2285 usque
219 2199 261 2266 ad
275 2199 403 2285 pedites
419 2205 548 2266 centum
564 2205 598 2264 et
625 2199 716 2266 ultra
739 2200 798 2266 hos
823 2202 998 2268 mittantur
1023 2200 1079 2285 alij
1105 2198 1231 2284 pedites

13 2359 15 2372 .
100 2313 234 2374 centum
259 2309 332 2374 novi
357 2307 416 2373 sub
441 2307 498 2373 illo
531 2306 740 2390 comestabili,
777 2309 830 2374 vel
865 2307 1139 2389 comestabilibus,
1174 2307 1231 2390 qui

100 2415 252 2500 Collegio
269 2414 486 2496 videbuntur;
508 2417 682 2480 mittantur
697 2416 829 2498 insuper
844 2417 972 2500 equites
989 2416 1232 2500 quinquaginta

101 2525 161 2591 sub
179 2525 290 2607 aliquo
307 2523 411 2607 probo
427 2533 461 2588 et
475 2529 610 2608 experto
626 2521 848 2608 stipendiario.

210 2631 251 2713 -l-
302 2635 364 2696 153
416 2670 451 2679 -
502 2639 522 2697 0
568 2668 612 2680 —
659 2635 688 2696 2.

208 2795 366 2857 (Velenczei
390 2795 569 2860 tllamlrdnyv
592 2795 794 2846 Deliberationi
814 2796 894 2846 Secre
908 2797 952 2846 del
965 2797 1069 2846 Senatu
1086 2796 1161 2858 151.)

582 2975 741 2984 ——-

643 3213 693 3273 70.

13 3431 16 3498 p
103 3391 198 3454 1469.
216 3387 245 3453 A
261 3389 415 3456 veleaezei
430 3390 653 3469 dilamtanu'ca
669 3415 691 3455 a
710 3391 955 3477 horvdtcrszdpi
972 3392 1035 3456 dc'n
1053 3392 1085 3455 ds
1103 3389 1233 3456 Seberri-

98 3499 199 3584 9oialo
224 3499 309 3563 tosti
335 3509 400 3585 cqy
425 3499 625 3563 elintc'ze'ac're
651 3499 782 3580 Motyon
807 3498 977 3584 kircilyhoz
993 3497 1160 3564 kaldendo'
1179 3498 1232 3563 ltd-

548 3617 628 3671 oetet·
640 3607 775 3672 vdlcszt.

13 3853 15 3884 k
99 3781 450 3854 MOCOGLXVIIII.
466 3783 519 3850 die
536 3781 675 3854 XVIII.
691 3783 784 3871 Maij.

13 3889 14 3902 ¹
205 3892 258 3962 Ob
274 3893 436 3961 novitates
451 3900 582 3960 secutas
597 3896 683 3961 inter
709 3893 839 3960 Banum
865 3901 900 3960 et
926 3896 996 3981 ejus
1023 3893 1173 3962 homines
1198 3900 1232 3962 et

13 3995 15 3998 ’
99 4005 193 4087 cives,
210 4003 426 4087 subditosque
441 4011 569 4071 nostros
580 4002 722 4072 Sibenici
738 4003 973 4088 providendum
989 4009 1039 4070 est
1057 4003 1098 4071 de
1111 4027 1234 4091 oppor-

99 4117 176 4178 tuno
192 4111 346 4197 remedio,
361 4117 395 4178 et
410 4119 448 4179 ut
465 4111 627 4194 sedentur,
645 4119 946 4196 componanturque
963 4113 1229 4182 inconvenientia

13 4249 15 4262 ι
99 4241 237 4301 occursa,
254 4221 464 4305 potiusquam
478 4221 568 4287 mala
584 4219 679 4287 malis
694 4221 856 4304 addendo,
871 4221 995 4288 bellum
1017 4221 1154 4306 aliquod
1171 4223 1222 4289 dif

100 4328 180 4397 ilcila
195 4334 231 4394 et
244 4329 465 4414 perniciosum
479 4330 615 4415 oriatur,
632 4330 719 4415 quod
735 4332 883 4416 componi
901 4337 1017 4415 postea
1037 4331 1110 4400 sine
1132 4333 1234 4398 maxi-

13 4433 17 4466 *
101 4457 150 4504 mo
165 4436 278 4505 labore
296 4459 361 4506 non
383 4439 495 4524 possit.
520 4439 644 4506 Iccirco
668 4440 759 4507 vadit
784 4462 871 4525 pars,
897 4438 985 4524 quod
1011 4439 1088 4524 eligi
1113 4437 1234 4507 debeat

102 4545 299 4642 deprecanti
314 4548 349 4622 in
364 4547 429 4623 isto
446 4543 594 4622 consilio
608 4571 692 4619 unus
708 4545 831 4616 Orator
857 4553 967 4616 noster
993 4547 1037 4616 ad
1061 4545 1237 4620 Seuerissi-
