3340 5260
372 331 433 392 181
726 345 962 390 urruouuczrrr
976 331 1146 423 annuitur.

369 505 498 571 modurn
516 526 574 590 pro
592 504 812 572 misericordia
829 503 924 570 Sedis
943 502 1131 587 Apostoliee
1149 505 1192 570 ad
1209 507 1328 570 victum
1351 505 1504 588 suppedi-

365 615 501 680 tandum
517 613 648 698 publica
664 612 795 678 decreta
812 615 855 678 sit
872 611 921 678 illi
937 615 1081 697 pecunia,
1102 613 1327 680 intelleximus.
1354 611 1453 698 Quod
1471 613 1500 676 si

366 727 408 792 ad
419 725 542 808 regiam
553 723 660 804 vitam,
671 721 930 806 dignitatemque
943 724 1047 787 minus
1059 722 1289 807 suppeditatur
1300 746 1307 786 :
1320 723 1413 802 colit,
1425 721 1503 804 quia

365 837 473 918 plures
489 832 603 897 ecdem
619 830 750 898 fortune
766 852 843 896 casu
859 831 975 915 dejecti
999 831 1161 915 principes
1187 829 1366 916 apostolico
1393 831 1501 896 erario

365 940 573 1010 sustentandi
591 944 674 1004 sunt.
691 938 761 1004 Nos
779 961 863 1019 vero,
884 962 983 1024 quum
1000 939 1085 1005 hanc
1110 939 1341 1018 calamitatem,
1363 936 1501 1004 infelici-

364 1061 532 1135 tatemque
548 1047 815 1130 intellexerimus,
830 1057 867 1114 ut
883 1071 1002 1131 verum,
1018 1050 1109 1132 pium
1125 1071 1163 1114 ac
1179 1049 1394 1113 christianum
1412 1049 1500 1132 prin·

364 1164 467 1245 cipern
495 1159 597 1239 decet,
624 1157 768 1222 dolemus
793 1158 942 1242 inprimis
968 1165 999 1222 et
1024 1157 1150 1240 Regino
1176 1159 1237 1243 ipsi
1272 1160 1499 1241 compatimur.

365 1267 555 1333 llominatio
581 1271 690 1331 autem
707 1265 838 1348 Vestra,
854 1264 941 1350 quod
958 1266 998 1330 dc
1014 1266 1109 1332 nobis
1125 1269 1173 1332 ita
1189 1265 1269 1332 bene
1289 1268 1438 1344 senserit,
1462 1273 1500 1330 ut

303 1443 309 1452 ,
364 1377 404 1441 de
420 1377 475 1460 pia
492 1397 531 1441 ae
547 1373 639 1457 regia
655 1395 764 1452 causa,
780 1375 914 1456 inquam
932 1375 1061 1456 gracias
1079 1375 1205 1458 agimus
1231 1379 1264 1438 et
1280 1372 1437 1439 habemus
1455 1374 1499 1440 ad

363 1485 406 1564 id,
424 1505 564 1566 namque
580 1483 738 1566 imprimis
764 1482 846 1547 illud
862 1505 921 1548 nos
947 1483 1109 1564 hortatur,
1135 1483 1266 1566 quodsi
1284 1481 1411 1567 aliquid
1428 1506 1501 1568 pre·

363 1595 461 1657 mium
478 1589 622 1675 perfecte
638 1594 868 1654 consecuturos
885 1613 948 1656 non
965 1590 1163 1672 dubitamus
1180 1591 1223 1655 ad
1240 1591 1408 1656 hominum
1428 1593 1500 1657 lau-

362 1702 434 1766 dem
460 1700 628 1766 dumtaxat
656 1697 839 1783 hujusmodi
866 1699 1003 1781 gloriam
1028 1701 1119 1782 parvi
1150 1699 1297 1764 iacimus.
1330 1697 1499 1783 Quantum

362 1829 436 1874 vero
462 1809 504 1875 ad
529 1807 750 1874 calamitatem
783 1808 906 1889 regiam
940 1808 1173 1873 sublevandam
1203 1817 1357 1892 prompto
1388 1811 1499 1876 animo

362 1917 468 1999 parati
501 1917 611 1998 simne,
644 1915 803 1980 Oratores
837 1915 963 1998 prefate
988 1914 1098 1980 Ill-me
1123 1913 1251 1999 Regino
1276 1915 1400 1982 referre
1424 1941 1498 2002 pos·

361 2031 454 2103 sunt,
470 2045 543 2088 nam
560 2025 588 2088 si
605 2028 730 2088 certum
746 2021 809 2086 crit
820 2021 1022 2087 Sanctissimi
1034 2023 1167 2088 Domini
1184 2023 1288 2088 nostri
1305 2031 1339 2088 et
1355 2025 1496 2090 aliorum

360 2130 483 2197 auxilio
500 2131 623 2214 regiam
640 2129 764 2214 prolem
781 2129 985 2212 redemptum
1004 2130 1055 2212 iri,
1072 2129 1171 2195 talem
1189 2137 1222 2194 et
1237 2153 1297 2196 nos
1324 2131 1372 2197 illi
1401 2153 1496 2217 opem

360 2240 585 2323 prestabimus
600 2247 637 2303 ut
652 2238 841 2304 Christiane
858 2238 1024 2321 religionis
1041 2247 1220 2304 amatorem
1246 2245 1281 2303 et
1297 2261 1370 2305 rere
1390 2243 1494 2325 pieta·

361 2348 440 2413 tatis
458 2345 599 2414 officium
616 2347 799 2430 prestitisse
816 2348 1039 2431 unusquisque
1056 2349 1239 2431 perspiciet.
1312 2415 1315 2422 ,

468 2510 595 2568 (Milauoi
608 2511 770 2572 allarnltsir.)

891 2943 964 3005 lae.

359 3121 454 3184 1470.
481 3121 509 3182 A
537 3117 677 3181 mitonds·
703 3121 833 3206 lterczeq
859 3121 993 3185 odlasza
1021 3147 1042 3185 a
1067 3123 1219 3188 muntani
1245 3122 1456 3188 didoroolckcz
1474 3151 1496 3190 u

565 3227 710 3292 coszniai
727 3229 880 3316 leirdlyuc'
896 3231 1083 3316 sepdlyeze'ee
1099 3231 1293 3318 tu'rpyddan.

466 3401 638 3470 Oardiuali
655 3405 840 3472 Mantuano
857 3407 912 3472 dal
930 3408 1023 3473 Duca
1039 3409 1073 3473 di
1090 3409 1228 3476 Milano.

922 3517 1104 3582 Mediolani
1121 3518 1167 3584 X.
1184 3518 1330 3603 Augusti
1351 3525 1446 3588 1470.

459 3637 740 3704 Reverendissime
772 3643 805 3704 in
837 3638 972 3707 Christo
1003 3642 1105 3707 Pater
1138 3651 1171 3709 et
1211 3641 1349 3711 Domine
1380 3644 1490 3714 Nobis

353 3743 493 3830 Optime.
528 3745 674 3812 Havemo
710 3749 852 3816 ricevuto
886 3751 1002 3816 lettere
1037 3752 1077 3815 de
1112 3751 1237 3820 Vestra
1269 3753 1421 3838 Signoria
1456 3757 1492 3822 in

352 3856 632 3921 commendatione
649 3856 737 3922 della
754 3857 865 3923 Ill-ma
882 3859 1013 3942 Regina
1029 3860 1069 3925 de
1085 3861 1219 3942 Bosuia,
1245 3863 1334 3948 quali
1351 3885 1391 3928 ne
1407 3887 1489 3932 sono

351 3970 435 4028 state
461 3965 649 4047 gratissime
667 3973 700 4030 et
715 3966 860 4048 moleste,
886 3975 1076 4054 quatunque
1101 3970 1156 4036 ala
1180 3971 1340 4037 infelicita
1366 3974 1487 4040 ecala-

352 4073 440 4152 mita,
459 4071 509 4139 del
528 4073 624 4156 quale
642 4075 718 4158 ogni
736 4073 830 4139 fidele
848 4077 1028 4142 christiano
1045 4077 1178 4143 dovesse
1189 4080 1356 4146 voluutere
1374 4081 1488 4147 subve-

351 4177 419 4242 uire
436 4200 495 4262 per
511 4181 670 4245 redimere
688 4182 777 4263 quali
795 4185 865 4248 suoi
882 4183 950 4248 fioli
966 4183 1009 4251 da
1026 4187 1053 4250 si
1070 4185 1201 4252 crudele
1218 4189 1347 4252 servitu.
1363 4187 1489 4256 Tamen

350 4287 392 4352 ad
410 4285 532 4353 Vostra
548 4286 701 4372 Signoria
717 4311 758 4354 ne
775 4292 928 4357 rendemo
945 4295 1051 4376 gratie
1076 4295 1210 4377 infinite,
1237 4296 1338 4362 habia
1363 4296 1403 4362 de
1429 4299 1484 4363 noi

351 4395 377 4456 si
395 4393 480 4458 bona
496 4397 656 4478 opinione,
672 4398 731 4463 che
748 4421 807 4481 pro
824 4401 915 4482 regia
932 4422 1031 4467 causa
1057 4424 1096 4467 ne
1122 4403 1221 4470 habia
1245 4407 1385 4470 exortati
1410 4427 1485 4472 cunr

350 4523 407 4567 sue
424 4503 538 4569 lettere
556 4505 725 4572 adherere
736 4511 958 4594 compassione
969 4533 986 4576 e
999 4511 1221 4580 misericordia
1237 4515 1341 4581 d‘essa
1351 4515 1484 4600 Regina

1655 4101 1660 4276 ι

1652 4535 1659 4846 l
