3340 5260
692 321 786 390 1471.

701 636 774 698 146.

160 819 266 882 1471.
310 815 480 882 &erardus
515 817 553 881 de
589 811 688 880 Collis
731 815 882 879 lcii-einai
918 840 939 879 a
979 815 1120 880 milam·
1160 817 1302 901 herczey·

154 928 219 990 hez
253 929 299 990 irt
325 926 529 1010 jelentesehesl
564 926 699 990 kivonat
735 949 756 988 a
787 947 930 1010 maqyar
961 925 1102 1011 ilqyekre
1144 925 1298 990 vonatko·

682 1033 785 1120 zdlay.

276 1213 511 1279 Illustrissimo
529 1210 657 1296 Signor.
673 1210 741 1278 Gia
757 1233 816 1296 per
832 1213 917 1278 altre
933 1212 997 1277 due
1012 1213 1076 1277 mie
1093 1207 1135 1276 ho
1152 1211 1300 1277 advisato

164 1319 294 1390 Vestre
309 1321 515 1389 Excellentie
531 1321 572 1385 de
588 1321 621 1385 lo
637 1321 814 1400 occurenti,
826 1320 866 1384 de
878 1341 972 1403 quae
989 1343 1054 1386 non
1071 1321 1187 1404 scripsi
1203 1321 1305 1385 altra-

165 1435 289 1513 mente,
305 1429 344 1494 de
361 1431 396 1495 la
412 1428 539 1493 novella
556 1428 596 1493 de
614 1426 776 1493 Pionbino
794 1427 846 1492 stb
848 1477 1036 1495 ......

277 1540 328 1604 La
344 1537 498 1621 Signoria
513 1560 575 1622 pur
591 1537 709 1602 atende
726 1537 769 1602 ad
786 1559 897 1603 armar
923 1538 1019 1623 gasse,
1043 1539 1122 1603 licet
1146 1559 1212 1602 non
1239 1557 1303 1602 con

164 1649 280 1733 quella
295 1647 439 1727 celerita,
455 1647 483 1710 si
500 1645 631 1712 doveria
645 1647 691 1711 fin
705 1648 797 1728 hora,
814 1669 854 1713 ne
881 1669 944 1712 ano
968 1647 1124 1712 mandato
1149 1648 1203 1711 via
1228 1652 1303 1710 octo

165 1763 204 1820 et
220 1757 346 1839 cinque,
362 1777 402 1819 ne
419 1776 481 1819 ano
498 1754 547 1820 for
565 1753 605 1819 de
622 1755 795 1820 l’arsenata
813 1761 845 1820 et
861 1761 979 1838 quatro
991 1777 1071 1820 nave
1088 1777 1167 1819 sona
1178 1753 1252 1819 fora
1268 1753 1301 1818 di

164 1864 285 1929 easteli
299 1865 365 1929 mal
381 1871 518 1929 troiano
535 1885 646 1929 zurma
661 1885 701 1928 ne
718 1869 796 1947 gent
813 1865 947 1929 daremo
964 1871 997 1929 et
1012 1887 1101 1948 pare,
1113 1865 1172 1929 che
1186 1872 1302 1948 questa

166 1972 326 2055 Signoria
340 1972 442 2038 habia
457 1994 569 2055 persso
586 1973 696 2038 l'anno
713 1973 866 2056 digando,
883 1973 942 2037 che
959 1974 998 2037 sil
1015 1974 1131 2038 tureho
1149 1975 1240 2037 viene
1257 1972 1272 2036 f
1291 2011 1303 2022 ·

167 2104 211 2147 ra
229 2104 318 2147 como
334 2083 405 2146 fece
421 2081 517 2146 l'amo
536 2089 677 2164 passato,
693 2084 723 2147 lo
741 2105 775 2146 re
793 2089 924 2146 meiano
942 2105 999 2165 per
1016 2104 1131 2166 persso
1158 2089 1191 2146 et
1217 2079 1302 2146 Oan-

168 2191 228 2255 dia
253 2195 286 2254 et
310 2197 433 2274 quanto
458 2212 520 2255 ano
546 2190 579 2254 in
606 2191 761 2273 Levante,
777 2191 859 2256 bene
876 2191 903 2254 si
921 2191 1001 2272 dice,
1024 2191 1083 2255 che
1098 2191 1131 2254 1ο
1157 2191 1301 2274 Impera-

169 2307 253 2380 tore,
263 2300 296 2364 1ο
312 2299 363 2364 Re
379 2299 420 2364 de
437 2299 587 2383 Ungaria
605 2303 639 2364 et
656 2298 695 2364 de
706 2298 833 2363 Polana
851 2299 974 2363 devano
991 2298 1042 2363 far
1059 2322 1123 2362 una
1140 2299 1302 2380 dicia,ma

168 2407 277 2491 pocho
294 2409 321 2472 si
337 2406 361 2470 li
377 2407 485 2486 crede,
501 2407 533 2471 io
549 2429 615 2471 non
630 2407 673 2471 ho
690 2405 775 2470 altro
791 2406 850 2471 che
868 2408 998 2489 scivere,
1014 2429 1054 2472 ne
1080 2407 1140 2472 che
1165 2407 1246 2486 fare,
1272 2407 1299 2470 si

169 2538 237 2581 non
254 2514 294 2580 de
310 2515 341 2579 le
358 2535 432 2579 cose
448 2513 501 2579 del
517 2513 633 2579 turcho
650 2513 807 2582 avestra
823 2514 1030 2579 Excellentia
1040 2536 1091 2580 me
1101 2514 1300 2581 ricomando.

280 2624 419 2689 Pretera
445 2622 673 2687 Illustrissimo
701 2619 839 2706 Signore
866 2621 990 2690 Vestra
1014 2621 1223 2688 Excellentia
1248 2623 1303 2706 gia

169 2733 236 2816 duy
261 2733 339 2797 anni
365 2732 490 2814 passati
517 2751 568 2794 me
595 2729 689 2794 diede
714 2751 777 2795 uno
795 2727 997 2796 Canonicato
1011 2753 1070 2814 per
1085 2753 1150 2796 uno
1166 2731 1230 2796 mie
1246 2753 1300 2796 ne-

168 2848 249 2924 pote
272 2891 279 2906 .
309 2891 316 2904 .
347 2891 354 2905 .
385 2891 391 2906 .
415 2839 461 2905 mi
476 2838 672 2904 n'comando.
693 2837 837 2906 Venetia
854 2839 1056 2908 XXVIIII.
1072 2839 1187 2905 Martii
1205 2843 1302 2905 1471.

217 2950 255 3014 E.
272 2949 313 3014 V.
330 2948 384 3013 Ill.
401 2947 479 3014 Exc.
696 2946 904 3012 fidelissimus
922 2946 1072 3014 Servitor
1087 2946 1256 3013 Gerardus

915 3057 956 3121 de
972 3054 1086 3122 Collis.

279 3165 506 3231 Illustrissimo
523 3166 719 3250 Principiac
736 3165 816 3230 Exc.
833 3165 874 3230 D.
885 3165 927 3231 D.
944 3165 1071 3231 Galeaz
1088 3165 1196 3233 Marie
1214 3165 1256 3232 Ss
1259 3189 1297 3231 οι·

169 3275 220 3340 cie
235 3273 320 3343 Vice
336 3274 460 3341 comiti
475 3275 562 3341 Duci
578 3274 771 3341 Mediolani.

280 3438 407 3500 (minoi
420 3439 582 3503 anamitir.)

707 3858 779 3922 147.

173 4043 269 4106 1471.
303 4038 472 4106 Gerardns
502 4037 540 4102 de
566 4036 667 4103 Uolcis
700 4040 851 4104 kiivetnek
886 4065 907 4104 a
943 4041 1085 4105 milcindi
1120 4042 1301 4129 herczeykez

168 4154 219 4214 irc
241 4149 443 4234 jelente'se'bc'il
477 4147 610 4212 kivona!
652 4174 673 4213 a
715 4149 805 4214 tb'rbk
847 4151 929 4214 hade·
962 4151 1206 4236 mozqalmakra
1250 4177 1302 4215 vo-

634 4261 837 4348 natkozo'laq.

280 4435 515 4501 Illustrissimo
532 4435 661 4521 Signor.
678 4441 739 4505 Eri
754 4440 838 4506 hebe
855 4463 921 4506 una
949 4440 988 4505 de
1012 4439 1135 4508 Vestra
1161 4440 1302 4507 0618111-

165 4545 250 4610 'dine
267 4545 346 4610 data
362 4566 382 4610 a
398 4545 615 4614 Petrasancta
631 4549 675 4614 ali
691 4547 808 4616 XXV.
833 4551 885 4615 del
911 4557 1054 4634 passam,
1078 4573 1137 4632 por
1162 4553 1196 4616 la
1222 4555 1303 4634 qual

223 4683 287 4720 uon.
302 4683 384 4720 nuno.
401 4685 470 4721 iusi.
487 4693 530 4706 ·-
545 4685 615 4723 mu
630 4687 691 4724 m.
708 4689 734 4726 v.
1163 4687 1195 4732 14
