<?xml version="1.0" encoding="UTF-8"?>
<!DOCTYPE html PUBLIC "-//W3C//DTD XHTML 1.0 Transitional//EN"
    "http://www.w3.org/TR/xhtml1/DTD/xhtml1-transitional.dtd">
<html xmlns="http://www.w3.org/1999/xhtml" xml:lang="en" lang="en">
 <head>
  <title>
</title>
<meta http-equiv="Content-Type" content="text/html;charset=utf-8" />
  <meta name='ocr-system' content='tesseract 3.04.00' />
  <meta name='ocr-capabilities' content='ocr_page ocr_carea ocr_par ocr_line ocrx_word'/>
</head>
<body>
  <div class='ocr_page' id='page_1' title='image "./magyardiplomacz00mattgoog_0186.png"; bbox 0 0 3356 5266; ppageno 0'>
   <div class='ocr_carea' id='block_1_1' title="bbox 703 441 1322 508">
    <p class='ocr_par' dir='ltr' id='par_1_1' title="bbox 703 441 1322 508">
     <span class='ocr_line' id='line_1_1' title="bbox 703 441 1322 508; baseline 0.005 -4"><span class='ocrx_word' id='word_1_1' title='bbox 703 443 797 508; x_wconf 86' lang='grc'><strong>1469.</strong></span> <span class='ocrx_word' id='word_1_2' title='bbox 1259 441 1322 507; x_wconf 86' lang='grc'>149</span> 
     </span>
    </p>
   </div>
   <div class='ocr_carea' id='block_1_2' title="bbox 187 619 1326 1770">
    <p class='ocr_par' dir='ltr' id='par_1_2' title="bbox 187 619 1326 1448">
     <span class='ocr_line' id='line_1_2' title="bbox 299 619 1323 706; baseline -0.002 -18"><span class='ocrx_word' id='word_1_3' title='bbox 299 619 518 706; x_wconf 77' lang='lat' dir='ltr'><strong>Quamobrem</strong></span> <span class='ocrx_word' id='word_1_4' title='bbox 535 619 625 688; x_wconf 85' lang='lat' dir='ltr'>vadit</span> <span class='ocrx_word' id='word_1_5' title='bbox 639 643 733 705; x_wconf 86' lang='lat' dir='ltr'>pars:</span> <span class='ocrx_word' id='word_1_6' title='bbox 758 622 846 706; x_wconf 92' lang='lat' dir='ltr'>quod</span> <span class='ocrx_word' id='word_1_7' title='bbox 874 623 1045 688; x_wconf 85' lang='lat' dir='ltr'>mandetur</span> <span class='ocrx_word' id='word_1_8' title='bbox 1070 622 1174 688; x_wconf 90' lang='lat' dir='ltr'>eidem</span> <span class='ocrx_word' id='word_1_9' title='bbox 1198 623 1323 688; x_wconf 91' lang='lat' dir='ltr'>oratori</span> 
     </span>
     <span class='ocr_line' id='line_1_3' title="bbox 196 730 1325 815; baseline -0.004 -17"><span class='ocrx_word' id='word_1_10' title='bbox 196 737 319 814; x_wconf 87' lang='lat' dir='ltr'>nostro,</span> <span class='ocrx_word' id='word_1_11' title='bbox 345 732 475 815; x_wconf 84' lang='lat' dir='ltr'>quode</span> <span class='ocrx_word' id='word_1_12' title='bbox 501 731 687 814; x_wconf 85' lang='lat' dir='ltr'>regionibus</span> <span class='ocrx_word' id='word_1_13' title='bbox 712 732 792 814; x_wconf 89' lang='lat' dir='ltr'>ipsis</span> <span class='ocrx_word' id='word_1_14' title='bbox 818 732 983 798; x_wconf 84' lang='lat' dir='ltr'>discedere</span> <span class='ocrx_word' id='word_1_15' title='bbox 1015 733 1105 798; x_wconf 92' lang='lat' dir='ltr'>nnllo</span> <span class='ocrx_word' id='word_1_16' title='bbox 1136 737 1243 815; x_wconf 88' lang='lat' dir='ltr'>pacto,</span> <span class='ocrx_word' id='word_1_17' title='bbox 1268 730 1325 796; x_wconf 91' lang='lat' dir='ltr'>sed</span> 
     </span>
     <span class='ocr_line' id='line_1_4' title="bbox 189 838 1323 924; baseline -0.003 -19"><span class='ocrx_word' id='word_1_18' title='bbox 189 847 279 905; x_wconf 84' lang='lat' dir='ltr'>stare</span> <span class='ocrx_word' id='word_1_19' title='bbox 296 841 384 924; x_wconf 90' lang='lat' dir='ltr'>apud</span> <span class='ocrx_word' id='word_1_20' title='bbox 400 840 473 906; x_wconf 89' lang='lat' dir='ltr'>illos</span> <span class='ocrx_word' id='word_1_21' title='bbox 490 838 684 924; x_wconf 85' lang='lat' dir='ltr'>Magnificos</span> <span class='ocrx_word' id='word_1_22' title='bbox 708 838 867 906; x_wconf 88' lang='lat' dir='ltr'>Dominos</span> <span class='ocrx_word' id='word_1_23' title='bbox 893 862 952 923; x_wconf 91' lang='lat' dir='ltr'>pro</span> <span class='ocrx_word' id='word_1_24' title='bbox 979 863 1090 906; x_wconf 89' lang='lat' dir='ltr'>eornm</span> <span class='ocrx_word' id='word_1_25' title='bbox 1109 839 1264 904; x_wconf 90' lang='lat' dir='ltr'>solamine</span> <span class='ocrx_word' id='word_1_26' title='bbox 1289 839 1323 902; x_wconf 92' lang='lat' dir='ltr'>in</span> 
     </span>
     <span class='ocr_line' id='line_1_5' title="bbox 190 946 1326 1033; baseline -0.003 -19"><span class='ocrx_word' id='word_1_27' title='bbox 190 955 350 1033; x_wconf 90' lang='lat' dir='ltr'>quantum</span> <span class='ocrx_word' id='word_1_28' title='bbox 365 969 459 1030; x_wconf 85' lang='lat' dir='ltr'>nova,</span> <span class='ocrx_word' id='word_1_29' title='bbox 470 970 533 1031; x_wconf 90' lang='lat' dir='ltr'>que</span> <span class='ocrx_word' id='word_1_30' title='bbox 549 946 589 1013; x_wconf 92' lang='lat' dir='ltr'>de</span> <span class='ocrx_word' id='word_1_31' title='bbox 606 949 827 1031; x_wconf 79' lang='lat' dir='ltr'>suprascripto</span> <span class='ocrx_word' id='word_1_32' title='bbox 844 947 994 1014; x_wconf 81' lang='lat' dir='ltr'>conflictu</span> <span class='ocrx_word' id='word_1_33' title='bbox 1010 947 1104 1013; x_wconf 90' lang='lat' dir='ltr'>nobis</span> <span class='ocrx_word' id='word_1_34' title='bbox 1122 947 1326 1030; x_wconf 82' lang='lat' dir='ltr'>significavit,</span> 
     </span>
     <span class='ocr_line' id='line_1_6' title="bbox 187 1055 1324 1137; baseline -0.003 -15"><span class='ocrx_word' id='word_1_35' title='bbox 187 1078 268 1122; x_wconf 85' lang='lat' dir='ltr'>vera</span> <span class='ocrx_word' id='word_1_36' title='bbox 284 1061 367 1120; x_wconf 85' lang='lat' dir='ltr'>sunt</span> <span class='ocrx_word' id='word_1_37' title='bbox 382 1057 427 1122; x_wconf 83' lang='lat' dir='ltr'>Et</span> <span class='ocrx_word' id='word_1_38' title='bbox 444 1058 471 1121; x_wconf 92' lang='lat' dir='ltr'>si</span> <span class='ocrx_word' id='word_1_39' title='bbox 489 1055 629 1122; x_wconf 79' lang='lat' dir='ltr'>fortasse</span> <span class='ocrx_word' id='word_1_40' title='bbox 659 1055 735 1120; x_wconf 92' lang='lat' dir='ltr'>inde</span> <span class='ocrx_word' id='word_1_41' title='bbox 761 1058 955 1135; x_wconf 78' lang='lat' dir='ltr'>recessisset,</span> <span class='ocrx_word' id='word_1_42' title='bbox 982 1061 1015 1120; x_wconf 90' lang='lat' dir='ltr'>et</span> <span class='ocrx_word' id='word_1_43' title='bbox 1038 1057 1072 1119; x_wconf 91' lang='lat' dir='ltr'>in</span> <span class='ocrx_word' id='word_1_44' title='bbox 1096 1056 1212 1120; x_wconf 90' lang='lat' dir='ltr'>itinere</span> <span class='ocrx_word' id='word_1_45' title='bbox 1228 1061 1324 1137; x_wconf 89' lang='lat' dir='ltr'>esset,</span> 
     </span>
     <span class='ocr_line' id='line_1_7' title="bbox 187 1163 1319 1250; baseline -0.002 -20"><span class='ocrx_word' id='word_1_46' title='bbox 187 1166 310 1231; x_wconf 85' lang='lat' dir='ltr'>reverti</span> <span class='ocrx_word' id='word_1_47' title='bbox 327 1164 443 1229; x_wconf 85' lang='lat' dir='ltr'>debeat</span> <span class='ocrx_word' id='word_1_48' title='bbox 460 1167 591 1230; x_wconf 91' lang='lat' dir='ltr'>omnino</span> <span class='ocrx_word' id='word_1_49' title='bbox 607 1164 650 1229; x_wconf 90' lang='lat' dir='ltr'>ad</span> <span class='ocrx_word' id='word_1_50' title='bbox 666 1187 730 1230; x_wconf 90' lang='lat' dir='ltr'>eos.</span> <span class='ocrx_word' id='word_1_51' title='bbox 747 1166 793 1231; x_wconf 85' lang='lat' dir='ltr'>Et</span> <span class='ocrx_word' id='word_1_52' title='bbox 808 1166 885 1250; x_wconf 88' lang='lat' dir='ltr'>qnia</span> <span class='ocrx_word' id='word_1_53' title='bbox 902 1187 952 1230; x_wconf 87' lang='lat' dir='ltr'>res</span> <span class='ocrx_word' id='word_1_54' title='bbox 969 1165 1027 1230; x_wconf 89' lang='lat' dir='ltr'>hec</span> <span class='ocrx_word' id='word_1_55' title='bbox 1052 1163 1185 1229; x_wconf 87' lang='lat' dir='ltr'>maximi</span> <span class='ocrx_word' id='word_1_56' title='bbox 1201 1163 1319 1246; x_wconf 89' lang='lat' dir='ltr'>ponde-</span> 
     </span>
     <span class='ocr_line' id='line_1_8' title="bbox 189 1271 1325 1359; baseline -0.003 -21"><span class='ocrx_word' id='word_1_57' title='bbox 189 1275 315 1354; x_wconf 76' lang='lat' dir='ltr'>maest,</span> <span class='ocrx_word' id='word_1_58' title='bbox 336 1273 526 1356; x_wconf 77' lang='lat' dir='ltr'>expediatur</span> <span class='ocrx_word' id='word_1_59' title='bbox 551 1296 619 1340; x_wconf 90' lang='lat' dir='ltr'>una</span> <span class='ocrx_word' id='word_1_60' title='bbox 644 1273 775 1358; x_wconf 83' lang='lat' dir='ltr'>barche,</span> <span class='ocrx_word' id='word_1_61' title='bbox 802 1276 858 1359; x_wconf 92' lang='lat' dir='ltr'>qni</span> <span class='ocrx_word' id='word_1_62' title='bbox 884 1274 1009 1340; x_wconf 88' lang='lat' dir='ltr'>delerat</span> <span class='ocrx_word' id='word_1_63' title='bbox 1042 1274 1105 1337; x_wconf 91' lang='lat' dir='ltr'>hoc</span> <span class='ocrx_word' id='word_1_64' title='bbox 1136 1271 1325 1338; x_wconf 88' lang='lat' dir='ltr'>mandatnm</span> 
     </span>
     <span class='ocr_line' id='line_1_9' title="bbox 191 1389 349 1448; baseline 0 -3"><span class='ocrx_word' id='word_1_65' title='bbox 191 1389 349 1448; x_wconf 87' lang='lat' dir='ltr'>nostrum.</span> 
     </span>
    </p>

    <p class='ocr_par' dir='ltr' id='par_1_3' title="bbox 300 1489 725 1572">
     <span class='ocr_line' id='line_1_10' title="bbox 300 1489 725 1572; baseline 0 -18"><span class='ocrx_word' id='word_1_66' title='bbox 300 1489 462 1572; x_wconf 88' lang='lat' dir='ltr'>Departe</span> <span class='ocrx_word' id='word_1_67' title='bbox 562 1527 605 1536; x_wconf 91' lang='lat'>-</span> <span class='ocrx_word' id='word_1_68' title='bbox 654 1494 725 1554; x_wconf 90' lang='lat'><strong>139.</strong></span> 
     </span>
    </p>

    <p class='ocr_par' dir='ltr' id='par_1_4' title="bbox 301 1597 725 1662">
     <span class='ocr_line' id='line_1_11' title="bbox 301 1597 725 1662; baseline -0.005 0"><span class='ocrx_word' id='word_1_69' title='bbox 301 1597 351 1662; x_wconf 89' lang='lat' dir='ltr'>De</span> <span class='ocrx_word' id='word_1_70' title='bbox 367 1619 433 1661; x_wconf 92' lang='lat' dir='ltr'>non</span> <span class='ocrx_word' id='word_1_71' title='bbox 561 1635 602 1644; x_wconf 92' lang='lat'><em>-</em></span> <span class='ocrx_word' id='word_1_72' title='bbox 676 1603 725 1662; x_wconf 92' lang='lat'>10.</span> 
     </span>
    </p>

    <p class='ocr_par' dir='ltr' id='par_1_5' title="bbox 300 1704 723 1770">
     <span class='ocr_line' id='line_1_12' title="bbox 300 1704 723 1770; baseline 0.005 -2"><span class='ocrx_word' id='word_1_73' title='bbox 300 1704 375 1769; x_wconf 84' lang='lat' dir='ltr'>Non</span> <span class='ocrx_word' id='word_1_74' title='bbox 394 1705 509 1770; x_wconf 89' lang='lat' dir='ltr'>sinceri</span> <span class='ocrx_word' id='word_1_75' title='bbox 558 1743 601 1752; x_wconf 92' lang='lat'>—-</span> <span class='ocrx_word' id='word_1_76' title='bbox 695 1711 723 1770; x_wconf 82' lang='lat'>2.</span> 
     </span>
    </p>
   </div>
   <div class='ocr_carea' id='block_1_3' title="bbox 298 1869 1271 1934">
    <p class='ocr_par' dir='ltr' id='par_1_6' title="bbox 298 1869 1271 1934">
     <span class='ocr_line' id='line_1_13' title="bbox 298 1869 1271 1934; baseline 0.001 -17"><span class='ocrx_word' id='word_1_77' title='bbox 298 1869 452 1930; x_wconf 87' lang='lat' dir='ltr'>(Velenczei</span> <span class='ocrx_word' id='word_1_78' title='bbox 467 1869 646 1933; x_wconf 74' lang='lat' dir='ltr'>allamkdnyv</span> <span class='ocrx_word' id='word_1_79' title='bbox 659 1869 866 1920; x_wconf 83' lang='lat' dir='ltr'>Deliberazioni</span> <span class='ocrx_word' id='word_1_80' title='bbox 880 1872 990 1921; x_wconf 83' lang='lat' dir='ltr'>Secreta</span> <span class='ocrx_word' id='word_1_81' title='bbox 1004 1870 1048 1920; x_wconf 89' lang='lat' dir='ltr'>del</span> <span class='ocrx_word' id='word_1_82' title='bbox 1062 1871 1163 1920; x_wconf 83' lang='lat' dir='ltr'>Senato</span> <span class='ocrx_word' id='word_1_83' title='bbox 1176 1885 1202 1934; x_wconf 88' lang='lat' dir='ltr'>p.</span> <span class='ocrx_word' id='word_1_84' title='bbox 1217 1871 1271 1930; x_wconf 84' lang='grc'>67.)</span> 
     </span>
    </p>
   </div>
   <div class='ocr_carea' id='block_1_4' title="bbox 675 2069 835 2076">
    <p class='ocr_par' dir='ltr' id='par_1_7' title="bbox 675 2069 835 2076">
     <span class='ocr_line' id='line_1_14' title="bbox 675 2069 835 2076; baseline 0.006 -2"><span class='ocrx_word' id='word_1_85' title='bbox 675 2069 835 2076; x_wconf 72' lang='lat'><em>.-—--—-..</em></span> 
     </span>
    </p>
   </div>
   <div class='ocr_carea' id='block_1_5' title="bbox 721 2305 794 2365">
    <p class='ocr_par' dir='ltr' id='par_1_8' title="bbox 721 2305 794 2365">
     <span class='ocr_line' id='line_1_15' title="bbox 721 2305 794 2365; baseline 0 -1"><span class='ocrx_word' id='word_1_86' title='bbox 721 2305 794 2365; x_wconf 81' lang='lat'>101.</span> 
     </span>
    </p>
   </div>
   <div class='ocr_carea' id='block_1_6' title="bbox 192 2479 1327 2872">
    <p class='ocr_par' dir='ltr' id='par_1_9' title="bbox 195 2479 1325 2550">
     <span class='ocr_line' id='line_1_16' title="bbox 195 2479 1325 2550; baseline 0.001 -4"><span class='ocrx_word' id='word_1_87' title='bbox 195 2485 291 2546; x_wconf 76' lang='lat'><em>1469.</em></span> <span class='ocrx_word' id='word_1_88' title='bbox 308 2479 337 2546; x_wconf 77' lang='grc' dir='ltr'><em>Α</em></span> <span class='ocrx_word' id='word_1_89' title='bbox 354 2483 508 2548; x_wconf 80' lang='lat' dir='ltr'>velenczei</span> <span class='ocrx_word' id='word_1_90' title='bbox 524 2483 947 2550; x_wconf 77' lang='lat' dir='ltr'>dilamtaodchustiniani</span> <span class='ocrx_word' id='word_1_91' title='bbox 962 2485 1102 2548; x_wconf 80' lang='lat' dir='ltr'>Ferenrz</span> <span class='ocrx_word' id='word_1_92' title='bbox 1120 2486 1226 2546; x_wconf 72' lang='lat' dir='ltr'>novere</span> <span class='ocrx_word' id='word_1_93' title='bbox 1243 2483 1325 2547; x_wconf 70' lang='lat' dir='ltr'>attat</span> 
     </span>
    </p>

    <p class='ocr_par' dir='ltr' id='par_1_10' title="bbox 192 2588 1327 2678">
     <span class='ocr_line' id='line_1_17' title="bbox 192 2588 1327 2678; baseline 0 -24"><span class='ocrx_word' id='word_1_94' title='bbox 192 2615 214 2654; x_wconf 90' lang='lat' dir='ltr'>a</span> <span class='ocrx_word' id='word_1_95' title='bbox 241 2614 383 2676; x_wconf 76' lang='lat' dir='ltr'>ntapyar</span> <span class='ocrx_word' id='word_1_96' title='bbox 407 2593 520 2675; x_wconf 75' lang='lat' dir='ltr'>kircily</span> <span class='ocrx_word' id='word_1_97' title='bbox 544 2593 726 2678; x_wconf 70' lang='lat' dir='ltr'>lecipitcinpa</span> <span class='ocrx_word' id='word_1_98' title='bbox 752 2592 835 2656; x_wconf 76' lang='lat' dir='ltr'>‹iltal</span> <span class='ocrx_word' id='word_1_99' title='bbox 852 2588 1002 2678; x_wconf 70' lang='lat' dir='ltr'>rlfoplalt</span> <span class='ocrx_word' id='word_1_100' title='bbox 1029 2595 1116 2676; x_wconf 77' lang='lat' dir='ltr'>Zenp</span> <span class='ocrx_word' id='word_1_101' title='bbox 1141 2593 1327 2656; x_wconf 77' lang='lat' dir='ltr'>odroea&#39;ook</span> 
     </span>
    </p>

    <p class='ocr_par' dir='ltr' id='par_1_11' title="bbox 193 2699 1323 2872">
     <span class='ocr_line' id='line_1_18' title="bbox 193 2699 1323 2786; baseline 0.001 -25"><span class='ocrx_word' id='word_1_102' title='bbox 193 2699 301 2764; x_wconf 72' lang='lat' dir='ltr'>indict</span> <span class='ocrx_word' id='word_1_103' title='bbox 318 2701 424 2764; x_wconf 82' lang='lat' dir='ltr'>adcisa</span> <span class='ocrx_word' id='word_1_104' title='bbox 441 2701 557 2764; x_wconf 82' lang='lat' dir='ltr'>mellett</span> <span class='ocrx_word' id='word_1_105' title='bbox 574 2726 595 2765; x_wconf 83' lang='lat' dir='ltr'>c</span> <span class='ocrx_word' id='word_1_106' title='bbox 612 2703 701 2786; x_wconf 79' lang='lat' dir='ltr'>zenpt&#39;</span> <span class='ocrx_word' id='word_1_107' title='bbox 715 2701 834 2786; x_wconf 73' lang='lat' dir='ltr'>pro&#39;t&#39;olr</span> <span class='ocrx_word' id='word_1_108' title='bbox 853 2701 987 2786; x_wconf 72' lang='lat' dir='ltr'>tlpptbcn</span> <span class='ocrx_word' id='word_1_109' title='bbox 1006 2725 1026 2764; x_wconf 83' lang='lat' dir='ltr'>a</span> <span class='ocrx_word' id='word_1_110' title='bbox 1042 2705 1132 2786; x_wconf 78' lang='lat' dir='ltr'>pcipe</span> <span class='ocrx_word' id='word_1_111' title='bbox 1157 2701 1323 2774; x_wconf 64' lang='lat' dir='ltr'>kozoenja·</span> 
     </span>
     <span class='ocr_line' id='line_1_19' title="bbox 669 2809 858 2872; baseline -0.005 -2"><span class='ocrx_word' id='word_1_112' title='bbox 669 2814 758 2872; x_wconf 72' lang='lat' dir='ltr'>rriscit</span> <span class='ocrx_word' id='word_1_113' title='bbox 775 2809 858 2870; x_wconf 74' lang='lat' dir='ltr'>lrc&#39;ri.</span> 
     </span>
    </p>
   </div>
   <div class='ocr_carea' id='block_1_7' title="bbox 194 2985 1024 3054">
    <p class='ocr_par' dir='ltr' id='par_1_12' title="bbox 194 2985 1024 3054">
     <span class='ocr_line' id='line_1_20' title="bbox 194 2985 1024 3054; baseline -0.004 -3"><span class='ocrx_word' id='word_1_114' title='bbox 194 2985 610 3054; x_wconf 77' lang='lat' dir='ltr'>MOCCCLXVIJ11.die</span> <span class='ocrx_word' id='word_1_115' title='bbox 627 2985 803 3052; x_wconf 80' lang='lat' dir='ltr'>XXVIII.</span> <span class='ocrx_word' id='word_1_116' title='bbox 821 2985 1024 3050; x_wconf 73' lang='lat' dir='ltr'>Nouembris.</span> 
     </span>
    </p>
   </div>
   <div class='ocr_carea' id='block_1_8' title="bbox 194 3109 1329 3286">
    <p class='ocr_par' dir='ltr' id='par_1_13' title="bbox 194 3109 1329 3286">
     <span class='ocr_line' id='line_1_21' title="bbox 303 3109 1329 3194; baseline 0 -18"><span class='ocrx_word' id='word_1_117' title='bbox 303 3110 364 3177; x_wconf 89' lang='lat' dir='ltr'>Ser</span> <span class='ocrx_word' id='word_1_118' title='bbox 379 3113 558 3180; x_wconf 86' lang='lat' dir='ltr'>Francisco</span> <span class='ocrx_word' id='word_1_119' title='bbox 573 3113 773 3194; x_wconf 86' lang='lat' dir='ltr'>Justiniano,</span> <span class='ocrx_word' id='word_1_120' title='bbox 785 3111 890 3192; x_wconf 85' lang='lat' dir='ltr'>militi,</span> <span class='ocrx_word' id='word_1_121' title='bbox 901 3109 1034 3176; x_wconf 87' lang='lat' dir='ltr'>Oratori</span> <span class='ocrx_word' id='word_1_122' title='bbox 1050 3117 1162 3176; x_wconf 90' lang='lat' dir='ltr'>nostro</span> <span class='ocrx_word' id='word_1_123' title='bbox 1178 3111 1221 3176; x_wconf 87' lang='lat' dir='ltr'>ad</span> <span class='ocrx_word' id='word_1_124' title='bbox 1233 3109 1329 3176; x_wconf 90' lang='lat' dir='ltr'>Sum-</span> 
     </span>
     <span class='ocr_line' id='line_1_22' title="bbox 194 3219 500 3286; baseline 0.003 -3"><span class='ocrx_word' id='word_1_125' title='bbox 194 3241 282 3284; x_wconf 94' lang='lat' dir='ltr'>mum</span> <span class='ocrx_word' id='word_1_126' title='bbox 299 3219 500 3286; x_wconf 86' lang='lat' dir='ltr'>Pontificem.</span> 
     </span>
    </p>
   </div>
   <div class='ocr_carea' id='block_1_9' title="bbox 193 3348 1330 4734">
    <p class='ocr_par' dir='ltr' id='par_1_14' title="bbox 193 3348 1330 4734">
     <span class='ocr_line' id='line_1_23' title="bbox 303 3348 1326 3434; baseline -0.004 -18"><span class='ocrx_word' id='word_1_127' title='bbox 303 3349 438 3416; x_wconf 85' lang='lat' dir='ltr'>Ultimis</span> <span class='ocrx_word' id='word_1_128' title='bbox 457 3351 576 3416; x_wconf 89' lang='lat' dir='ltr'>nostris</span> <span class='ocrx_word' id='word_1_129' title='bbox 594 3351 712 3416; x_wconf 88' lang='lat' dir='ltr'>litteris</span> <span class='ocrx_word' id='word_1_130' title='bbox 729 3352 915 3434; x_wconf 85' lang='lat' dir='ltr'>scripsimus</span> <span class='ocrx_word' id='word_1_131' title='bbox 941 3357 973 3416; x_wconf 83' lang='lat' dir='ltr'>et</span> <span class='ocrx_word' id='word_1_132' title='bbox 998 3352 1082 3413; x_wconf 90' lang='lat' dir='ltr'>inter</span> <span class='ocrx_word' id='word_1_133' title='bbox 1099 3353 1209 3413; x_wconf 88' lang='lat' dir='ltr'>cetera</span> <span class='ocrx_word' id='word_1_134' title='bbox 1225 3348 1326 3430; x_wconf 91' lang='lat' dir='ltr'>impo-</span> 
     </span>
     <span class='ocr_line' id='line_1_24' title="bbox 195 3455 1326 3543; baseline -0.004 -19"><span class='ocrx_word' id='word_1_135' title='bbox 195 3461 318 3524; x_wconf 92' lang='lat' dir='ltr'>suimus</span> <span class='ocrx_word' id='word_1_136' title='bbox 335 3459 436 3540; x_wconf 78' lang='lat' dir='ltr'>vobiS,</span> <span class='ocrx_word' id='word_1_137' title='bbox 452 3467 489 3524; x_wconf 90' lang='lat' dir='ltr'>nt</span> <span class='ocrx_word' id='word_1_138' title='bbox 501 3457 631 3543; x_wconf 84' lang='lat' dir='ltr'>gracias</span> <span class='ocrx_word' id='word_1_139' title='bbox 646 3461 750 3543; x_wconf 86' lang='lat' dir='ltr'>agatis</span> <span class='ocrx_word' id='word_1_140' title='bbox 767 3460 798 3526; x_wconf 94' lang='lat' dir='ltr'>S.</span> <span class='ocrx_word' id='word_1_141' title='bbox 816 3461 847 3526; x_wconf 87' lang='lat' dir='ltr'>S.</span> <span class='ocrx_word' id='word_1_142' title='bbox 865 3459 1017 3525; x_wconf 86' lang='lat' dir='ltr'>Pontifici</span> <span class='ocrx_word' id='word_1_143' title='bbox 1033 3481 1092 3541; x_wconf 92' lang='lat' dir='ltr'>pro</span> <span class='ocrx_word' id='word_1_144' title='bbox 1110 3479 1168 3522; x_wconf 88' lang='lat' dir='ltr'>sua</span> <span class='ocrx_word' id='word_1_145' title='bbox 1184 3455 1326 3540; x_wconf 86' lang='lat' dir='ltr'>benigna</span> 
     </span>
     <span class='ocr_line' id='line_1_25' title="bbox 194 3563 1327 3651; baseline -0.004 -18"><span class='ocrx_word' id='word_1_146' title='bbox 194 3575 229 3633; x_wconf 91' lang='lat' dir='ltr'>et</span> <span class='ocrx_word' id='word_1_147' title='bbox 243 3573 381 3651; x_wconf 89' lang='lat' dir='ltr'>paterna</span> <span class='ocrx_word' id='word_1_148' title='bbox 399 3588 486 3646; x_wconf 86' lang='lat' dir='ltr'>cura,</span> <span class='ocrx_word' id='word_1_149' title='bbox 511 3566 652 3632; x_wconf 86' lang='lat' dir='ltr'>habendi</span> <span class='ocrx_word' id='word_1_150' title='bbox 676 3569 920 3633; x_wconf 84' lang='lat' dir='ltr'>commendatos</span> <span class='ocrx_word' id='word_1_151' title='bbox 946 3563 1140 3651; x_wconf 84' lang='lat' dir='ltr'>Magnificos</span> <span class='ocrx_word' id='word_1_152' title='bbox 1165 3563 1327 3630; x_wconf 90' lang='lat' dir='ltr'>Dominos</span> 
     </span>
     <span class='ocr_line' id='line_1_26' title="bbox 196 3671 1329 3759; baseline -0.004 -19"><span class='ocrx_word' id='word_1_153' title='bbox 196 3673 344 3740; x_wconf 78' lang='lat' dir='ltr'>Comites</span> <span class='ocrx_word' id='word_1_154' title='bbox 362 3675 477 3759; x_wconf 83' lang='lat' dir='ltr'>Segne,</span> <span class='ocrx_word' id='word_1_155' title='bbox 492 3681 593 3758; x_wconf 82' lang='lat' dir='ltr'>atquc</span> <span class='ocrx_word' id='word_1_156' title='bbox 610 3675 772 3740; x_wconf 90' lang='lat' dir='ltr'>scribendi</span> <span class='ocrx_word' id='word_1_157' title='bbox 790 3677 823 3740; x_wconf 94' lang='lat' dir='ltr'>in</span> <span class='ocrx_word' id='word_1_158' title='bbox 840 3675 1152 3740; x_wconf 76' lang='lat' dir='ltr'>commendationem</span> <span class='ocrx_word' id='word_1_159' title='bbox 1178 3671 1329 3755; x_wconf 86' lang='lat' dir='ltr'>Magnifi-</span> 
     </span>
     <span class='ocr_line' id='line_1_27' title="bbox 195 3781 1330 3866; baseline -0.005 -16"><span class='ocrx_word' id='word_1_160' title='bbox 195 3785 382 3850; x_wconf 90' lang='lat' dir='ltr'>cenciarum</span> <span class='ocrx_word' id='word_1_161' title='bbox 411 3806 541 3849; x_wconf 86' lang='lat' dir='ltr'>suarum</span> <span class='ocrx_word' id='word_1_162' title='bbox 557 3783 771 3851; x_wconf 90' lang='lat' dir='ltr'>Serenissimo</span> <span class='ocrx_word' id='word_1_163' title='bbox 788 3783 929 3848; x_wconf 88' lang='lat' dir='ltr'>Domino</span> <span class='ocrx_word' id='word_1_164' title='bbox 948 3783 1035 3865; x_wconf 77' lang='lat' dir='ltr'>&#39;Regi</span> <span class='ocrx_word' id='word_1_165' title='bbox 1051 3781 1205 3866; x_wconf 83' lang='lat' dir='ltr'>Ungarie,</span> <span class='ocrx_word' id='word_1_166' title='bbox 1232 3783 1330 3845; x_wconf 89' lang='lat' dir='ltr'>deno·</span> 
     </span>
     <span class='ocr_line' id='line_1_28' title="bbox 193 3889 1328 3975; baseline -0.005 -19"><span class='ocrx_word' id='word_1_167' title='bbox 193 3893 400 3975; x_wconf 87' lang='lat' dir='ltr'>tavimnsque</span> <span class='ocrx_word' id='word_1_168' title='bbox 415 3894 661 3975; x_wconf 85' lang='lat' dir='ltr'>occupationem</span> <span class='ocrx_word' id='word_1_169' title='bbox 681 3893 822 3958; x_wconf 86' lang='lat' dir='ltr'>civitatis</span> <span class='ocrx_word' id='word_1_170' title='bbox 853 3891 961 3975; x_wconf 83' lang='lat' dir='ltr'>Segne</span> <span class='ocrx_word' id='word_1_171' title='bbox 986 3915 1006 3955; x_wconf 84' lang='lat' dir='ltr'>a</span> <span class='ocrx_word' id='word_1_172' title='bbox 1032 3892 1203 3972; x_wconf 86' lang='lat' dir='ltr'>capitaneo</span> <span class='ocrx_word' id='word_1_173' title='bbox 1228 3889 1328 3969; x_wconf 89' lang='lat' dir='ltr'>regio.</span> 
     </span>
     <span class='ocr_line' id='line_1_29' title="bbox 195 3997 1326 4084; baseline -0.005 -20"><span class='ocrx_word' id='word_1_174' title='bbox 195 3998 458 4078; x_wconf 63' lang='lat' dir='ltr'>manaverant</span> <span class='ocrx_word' id='word_1_175' title='bbox 484 3997 651 4066; x_wconf 84' lang='lat' dir='ltr'>Sanctitas</span> <span class='ocrx_word' id='word_1_176' title='bbox 676 4001 806 4084; x_wconf 86' lang='lat' dir='ltr'>prefata.</span> <span class='ocrx_word' id='word_1_177' title='bbox 832 4001 993 4083; x_wconf 83' lang='lat' dir='ltr'>intelligat</span> <span class='ocrx_word' id='word_1_178' title='bbox 1019 4018 1198 4062; x_wconf 79' lang='lat' dir='ltr'>successum</span> <span class='ocrx_word' id='word_1_179' title='bbox 1218 4017 1326 4059; x_wconf 89' lang='lat' dir='ltr'>rerum</span> 
     </span>
     <span class='ocr_line' id='line_1_30' title="bbox 196 4108 1328 4191; baseline -0.005 -18"><span class='ocrx_word' id='word_1_180' title='bbox 196 4108 361 4174; x_wconf 88' lang='lat' dir='ltr'>dictorum</span> <span class='ocrx_word' id='word_1_181' title='bbox 375 4109 599 4191; x_wconf 80' lang='lat' dir='ltr'>Dominarum,</span> <span class='ocrx_word' id='word_1_182' title='bbox 615 4110 773 4176; x_wconf 86' lang='lat' dir='ltr'>mittimus</span> <span class='ocrx_word' id='word_1_183' title='bbox 790 4111 881 4175; x_wconf 90' lang='lat' dir='ltr'>vobis</span> <span class='ocrx_word' id='word_1_184' title='bbox 897 4111 1024 4175; x_wconf 88' lang='lat' dir='ltr'>litteras</span> <span class='ocrx_word' id='word_1_185' title='bbox 1049 4129 1150 4190; x_wconf 90' lang='lat' dir='ltr'>nuper</span> <span class='ocrx_word' id='word_1_186' title='bbox 1176 4111 1328 4188; x_wconf 85' lang='lat' dir='ltr'>acceptas</span> 
     </span>
     <span class='ocr_line' id='line_1_31' title="bbox 195 4213 1329 4302; baseline -0.004 -21"><span class='ocrx_word' id='word_1_187' title='bbox 195 4217 239 4282; x_wconf 86' lang='lat' dir='ltr'>ab</span> <span class='ocrx_word' id='word_1_188' title='bbox 265 4225 398 4283; x_wconf 88' lang='lat' dir='ltr'>oratore</span> <span class='ocrx_word' id='word_1_189' title='bbox 422 4227 545 4298; x_wconf 86' lang='lat' dir='ltr'>nostro,</span> <span class='ocrx_word' id='word_1_190' title='bbox 570 4220 604 4284; x_wconf 92' lang='lat' dir='ltr'>in</span> <span class='ocrx_word' id='word_1_191' title='bbox 629 4219 696 4285; x_wconf 93' lang='lat' dir='ltr'>illis</span> <span class='ocrx_word' id='word_1_192' title='bbox 723 4219 880 4302; x_wconf 72' lang='lat' dir='ltr'>partibus</span> <span class='ocrx_word' id='word_1_193' title='bbox 905 4219 1049 4283; x_wconf 88' lang='lat' dir='ltr'>volentes</span> <span class='ocrx_word' id='word_1_194' title='bbox 1079 4223 1112 4281; x_wconf 88' lang='lat' dir='ltr'>et</span> <span class='ocrx_word' id='word_1_195' title='bbox 1137 4213 1329 4280; x_wconf 84' lang='lat' dir='ltr'>mandantes</span> 
     </span>
     <span class='ocr_line' id='line_1_32' title="bbox 195 4319 1328 4406; baseline -0.004 -16"><span class='ocrx_word' id='word_1_196' title='bbox 195 4325 297 4406; x_wconf 85' lang='lat' dir='ltr'>vobis,</span> <span class='ocrx_word' id='word_1_197' title='bbox 315 4333 349 4391; x_wconf 91' lang='lat' dir='ltr'>ut</span> <span class='ocrx_word' id='word_1_198' title='bbox 367 4327 470 4392; x_wconf 85' lang='lat' dir='ltr'>dictas</span> <span class='ocrx_word' id='word_1_199' title='bbox 487 4328 615 4393; x_wconf 86' lang='lat' dir='ltr'>litteras</span> <span class='ocrx_word' id='word_1_200' title='bbox 632 4329 804 4393; x_wconf 86' lang='lat' dir='ltr'>ostendere</span> <span class='ocrx_word' id='word_1_201' title='bbox 827 4327 971 4393; x_wconf 86' lang='lat' dir='ltr'>debeatis</span> <span class='ocrx_word' id='word_1_202' title='bbox 997 4325 1175 4391; x_wconf 85' lang='lat' dir='ltr'>Sanctitati</span> <span class='ocrx_word' id='word_1_203' title='bbox 1202 4319 1328 4405; x_wconf 83' lang='lat' dir='ltr'>prefate</span> 
     </span>
     <span class='ocr_line' id='line_1_33' title="bbox 195 4430 1326 4518; baseline -0.008 -20"><span class='ocrx_word' id='word_1_204' title='bbox 195 4440 229 4498; x_wconf 89' lang='lat' dir='ltr'>et</span> <span class='ocrx_word' id='word_1_205' title='bbox 245 4435 438 4518; x_wconf 87' lang='lat' dir='ltr'>supplicare,</span> <span class='ocrx_word' id='word_1_206' title='bbox 453 4443 490 4500; x_wconf 90' lang='lat' dir='ltr'>nt</span> <span class='ocrx_word' id='word_1_207' title='bbox 509 4435 674 4501; x_wconf 79' lang='lat' dir='ltr'>Sanctitas</span> <span class='ocrx_word' id='word_1_208' title='bbox 700 4437 830 4518; x_wconf 70' lang='lat' dir='ltr'>prefata</span> <span class='ocrx_word' id='word_1_209' title='bbox 856 4435 1010 4516; x_wconf 84' lang='lat' dir='ltr'>dignetur</span> <span class='ocrx_word' id='word_1_210' title='bbox 1037 4431 1242 4496; x_wconf 78' lang='lat' dir='ltr'>considerare</span> <span class='ocrx_word' id='word_1_211' title='bbox 1268 4430 1326 4491; x_wconf 87' lang='lat' dir='ltr'>inr-</span> 
     </span>
     <span class='ocr_line' id='line_1_34' title="bbox 194 4537 1327 4626; baseline -0.007 -18"><span class='ocrx_word' id='word_1_212' title='bbox 194 4543 393 4624; x_wconf 84' lang='lat' dir='ltr'>portantiam</span> <span class='ocrx_word' id='word_1_213' title='bbox 411 4544 631 4626; x_wconf 87' lang='lat' dir='ltr'>occupationis</span> <span class='ocrx_word' id='word_1_214' title='bbox 657 4543 741 4608; x_wconf 90' lang='lat' dir='ltr'>dicte</span> <span class='ocrx_word' id='word_1_215' title='bbox 768 4544 917 4608; x_wconf 82' lang='lat' dir='ltr'>civitatis.</span> <span class='ocrx_word' id='word_1_216' title='bbox 944 4537 1082 4623; x_wconf 81' lang='lat' dir='ltr'>Quoque</span> <span class='ocrx_word' id='word_1_217' title='bbox 1109 4537 1217 4600; x_wconf 89' lang='lat' dir='ltr'>animo</span> <span class='ocrx_word' id='word_1_218' title='bbox 1241 4539 1327 4620; x_wconf 85' lang='lat' dir='ltr'>capi-</span> 
     </span>
     <span class='ocr_line' id='line_1_35' title="bbox 195 4644 1328 4734; baseline -0.006 -18"><span class='ocrx_word' id='word_1_219' title='bbox 195 4659 313 4716; x_wconf 88' lang='lat' dir='ltr'>taneus</span> <span class='ocrx_word' id='word_1_220' title='bbox 329 4651 453 4734; x_wconf 84' lang='lat' dir='ltr'>Regius</span> <span class='ocrx_word' id='word_1_221' title='bbox 469 4653 587 4720; x_wconf 89' lang='lat' dir='ltr'>adhoc</span> <span class='ocrx_word' id='word_1_222' title='bbox 603 4673 636 4719; x_wconf 88' lang='lat' dir='ltr'>se</span> <span class='ocrx_word' id='word_1_223' title='bbox 654 4653 761 4718; x_wconf 78' lang='lat' dir='ltr'>movit.</span> <span class='ocrx_word' id='word_1_224' title='bbox 787 4651 833 4716; x_wconf 78' lang='lat' dir='ltr'>Et</span> <span class='ocrx_word' id='word_1_225' title='bbox 859 4651 989 4732; x_wconf 87' lang='lat' dir='ltr'>insuper</span> <span class='ocrx_word' id='word_1_226' title='bbox 1014 4646 1185 4713; x_wconf 82' lang='lat' dir='ltr'>imminens</span> <span class='ocrx_word' id='word_1_227' title='bbox 1204 4644 1328 4728; x_wconf 89' lang='lat' dir='ltr'>pericu-</span> 
     </span>
    </p>
   </div>
   <div class='ocr_carea' id='block_1_10' title="bbox 0 0 1690 5266">
    <p class='ocr_par' dir='ltr' id='par_1_15' title="bbox 0 0 1690 5266">
     <span class='ocr_line' id='line_1_36' title="bbox 0 0 1690 5266; baseline 0 0"><span class='ocrx_word' id='word_1_228' title='bbox 0 0 1690 5266; x_wconf 95' lang='lat' dir='ltr'> </span> 
     </span>
    </p>
   </div>
  </div>
 </body>
</html>
