3336 5258
777 359 1012 408 omnouiczm
1027 349 1195 410 uuntxsn.

940 747 1015 810 276.

410 907 506 970 1479.
523 903 552 970 Α
572 905 720 971 ueleoczei
735 907 955 972 dllamtanricc
975 908 1151 974 Vineiuera
1166 909 1270 974 Aotal
1294 909 1431 974 titlcdrrtt
1455 933 1542 975 arra
1658 933 1660 980 l

408 1014 557 1097 utoaitja,
574 1015 655 1100 bopy
673 1016 817 1100 Mapyor
837 1015 970 1082 Boldzvt
993 1014 1088 1104 Vepla
1110 1015 1321 1084 ootromdoolt
1337 1017 1541 1106 abbabapyd-
1656 1023 1660 1102 ,ᾖ

407 1121 722 1207 odrofelozdlitcdu,
737 1146 769 1186 ez
785 1125 908 1210 ttpyben
923 1126 1227 1214 Mapparorazdpba
1243 1151 1265 1192 a
1280 1126 1452 1212 kirdlyboz
1467 1127 1542 1191 sies·
1658 1125 1660 1174 l

407 1252 473 1311 aen,
490 1231 523 1294 ds
539 1243 590 1295 azt
605 1231 731 1296 ozintdn
757 1256 796 1298 az
822 1244 940 1298 oatrom
964 1236 1240 1321 mepszdatete'ae're
1265 1235 1352 1319 ktrp'e
1371 1234 1477 1321 oddip
1500 1234 1540 1317 ic,

407 1341 473 1425 mig]
498 1339 640 1426 kduetae'q
666 1341 763 1425 eujus
788 1365 809 1405 a
824 1342 1035 1429 kdztdraaartp
1050 1342 1163 1430 jopav't
1180 1367 1202 1408 a
1217 1343 1328 1432 ktrety
1343 1343 1418 1408 cldtt
1435 1342 1540 1406 bimo·
1593 1331 1595 1334 ¹

898 1451 1052 1536 totbotja.

407 1604 792 1676 MCOOGLXXVIIII.
809 1609 862 1676 die
878 1609 994 1679 XXV.
1011 1610 1197 1695 Februan'j.

408 1713 581 1800 Sapientes
601 1718 736 1805 Consilij
881 1717 1212 1789 AntonioVineivera
1222 1718 1408 1786 Secretario
1419 1725 1539 1785 nostro.

408 1823 579 1909 Sapientes
595 1834 619 1893 t.
635 1827 656 1892 l.
881 1824 1025 1894 Antoni!
1042 1823 1240 1911 Accepimus
1255 1827 1369 1894 literas
1384 1834 1461 1894 tuas
1477 1826 1541 1895 die·

407 1931 579 2036 Q⁸
596 1933 789 2035 OQ}
836 1957 909 2000 rum
924 1972 968 1984 -
984 1934 1147 2015 instantis,
1163 1934 1282 2020 quibus
1300 1921 1411 2002 omnia
1437 1935 1540 2002 decla

408 2042 488 2107 rasti
505 2041 597 2108 nobis
612 2049 681 2109 tum
697 2065 756 2127 per
772 2051 804 2110 te
821 2051 895 2110 acta
911 2066 984 2110 cum
1000 2044 1111 2110 Maior
1127 2043 1217 2127 Blas,
1233 2064 1333 2125 quam
1356 2065 1421 2129 que
1444 2041 1541 2110 aliter

408 2152 508 2217 etiem
524 2150 672 2219 accidere
698 2160 731 2219 et
753 2153 857 2237 digna
880 2151 1036 2238 judicasti
1062 2153 1200 2219 scientia
1223 2158 1348 2233 nostra,
1364 2152 1452 2218 unde
1467 2175 1543 2238 pru·

407 2257 551 2326 dentiam
561 2267 596 2326 et
605 2260 822 2342 aptitudinem
838 2266 928 2326 tuam
944 2259 1135 2342 laudamus3
1151 2266 1185 2326 et
1200 2261 1368 2344 cupientes
1384 2259 1542 2326 adbibere

407 2368 583 2434 remedium
609 2368 705 2436 malis
731 2375 763 2435 et
787 2368 1089 2437 inconvenientibus
1113 2369 1251 2453 inceptis
1275 2374 1308 2433 et
1332 2390 1394 2452 que
1417 2368 1460 2434 ab
1477 2368 1543 2434 illis

407 2476 505 2560 longe
530 2477 644 2561 pejora
668 2484 804 2562 possent
829 2479 985 2560 accidere,
1011 2478 1168 2559 volumus,
1187 2477 1312 2560 tibique
1336 2477 1542 2561 imponimus,

407 2592 446 2649 ut
461 2583 505 2650 ad
519 2583 658 2651 eundem
673 2587 782 2653 Maier
798 2587 881 2655 Blas
898 2587 1023 2669 redeas,
1039 2586 1091 2652 oui
1107 2607 1180 2652 cum
1203 2584 1312 2653 verbis
1328 2584 1482 2651 humanis
1507 2589 1540 2648 et
1658 2573 1660 2578 ’

405 2690 570 2776 modestis,
583 2693 770 2776 sicutsoles,
780 2693 928 2761 declara:
944 2693 1074 2761 dedisse
1086 2699 1118 2760 te
1128 2693 1284 2761 noticiam
1294 2698 1407 2760 nostro
1423 2692 1539 2760 Domi·

406 2785 470 2883 nio,
486 2799 527 2866 de
544 2822 605 2868 sua
619 2803 830 2885 responsione
846 2803 936 2868 eirca
955 2803 1089 2887 negotia
1105 2800 1221 2887 Vegle,
1237 2808 1270 2868 et
1285 2799 1425 2870 Comitis
1440 2799 1543 2867 Joan·

407 2909 476 2991 nis;
502 2915 535 2974 et
559 2909 756 2978 intercetera
781 2910 1060 2978 consideravimus
1085 2910 1129 2992 id,
1155 2908 1243 2994 quod
1274 2909 1337 2974 tibi
1361 2910 1454 2991 dixit,
1477 2931 1543 2974 non

408 3038 506 3100 posse
541 3040 576 3084 se
599 3040 765 3086 removere
791 3021 832 3087 ab
857 3020 1013 3106 impresia
1044 3020 1112 3085 sine
1143 3040 1226 3086 novo
1257 3017 1413 3085 mandato
1437 3017 1543 3103 Regia
1659 3045 1660 3100 }

408 3123 605 3208 Majestatis,
628 3125 721 3210 cujus
747 3127 835 3212 jussu
865 3134 897 3194 et
920 3127 1058 3212 imperio
1092 3126 1184 3192 illam
1210 3126 1370 3210 suscepit;
1397 3131 1432 3191 et
1457 3127 1541 3192 sicut
1657 3113 1660 3156 ⁷

408 3232 540 3298 credere
565 3255 630 3300 non
654 3256 825 3319 possumus
841 3235 981 3320 Regiam
997 3233 1244 3302 sublimitatem
1264 3233 1385 3303 auditis
1407 3234 1542 3300 rationi·
1659 3231 1660 3234 ’

407 3341 469 3408 bus
495 3345 616 3410 nostris
650 3345 846 3411 sententiam
876 3365 941 3410 non
972 3365 1044 3410 esse
1075 3349 1287 3425 mutaturam,
1313 3342 1362 3408 ita
1392 3340 1544 3408 damnari
1658 3421 1660 3428 Α

407 3470 475 3515 non
490 3458 599 3536 potest
614 3453 778 3522 excusatio
792 3452 937 3536 ejusdem
947 3451 1122 3537 Capitonei
1137 3473 1204 3518 non
1219 3449 1373 3535 pcsssndi
1389 3472 1424 3516 se
1439 3473 1543 3518 remo·

407 3582 482 3626 vere
497 3567 532 3626 et
548 3563 582 3628 in
597 3568 701 3629 totum
716 3561 901 3646 relinquere
927 3563 1112 3647 negotium
1138 3561 1196 3627 sed
1221 3559 1303 3627 benc
1318 3561 1486 3627 honestati
1509 3566 1544 3625 et

407 3669 550 3736 amicitie
574 3677 685 3737 nostre
710 3693 782 3738 cum
796 3669 904 3756 Regia
919 3670 1130 3739 Sublimitate
1156 3673 1413 3766 consentaneum
1439 3667 1543 3733 videri

407 3783 526 3863 potest,
541 3784 579 3844 ut
594 3778 843 3862 Magnificentius
860 3779 930 3849 Sua
955 3780 1127 3863 tantisper,
1153 3777 1255 3844 donec
1279 3782 1317 3842 tu
1331 3776 1386 3844 'ad
1402 3775 1543 3860 Regiam

407 3889 610 3972 presenciam
638 3888 774 3954 accedas
799 3895 833 3955 et
856 3887 999 3974 Regium
1024 3888 1133 3953 venire
1158 3884 1352 3952 mandatum
1381 3883 1426 3950 ad
1449 3883 1543 3949 illum

404 3988 530 4080 possit:
555 3982 767 4080 supersedeat
792 3996 835 4062 ab
859 3997 1120 4082 oppugnatione
1144 4001 1177 4061 et
1209 4015 1249 4060 ex
1279 3998 1422 4075 utraque
1446 4001 1543 4076 parte
1659 3981 1660 3996 ¹

407 4111 511 4171 cesset
544 4125 736 4189 quecunque
769 4105 974 4190 perturbatio
1009 4112 1042 4172 et
1077 4103 1223 4171 offensio.
1254 4101 1425 4168 Instanter
1459 4108 1543 4186 pete,

407 4219 506 4295 atque
521 4211 681 4297 efflagita;
703 4221 737 4280 et
752 4214 1043 4300 quomodocunque
1067 4214 1129 4280 tibi
1155 4211 1361 4296 responderit
1384 4218 1419 4278 et
1434 4210 1544 4277 facere
1659 4201 1660 4206 ἵ

407 4319 655 4388 deliberaverit:
672 4343 737 4389 non
761 4323 901 4390 desistas
926 4330 1140 4409 proptereaa
1162 4321 1390 4406 prosecutione
1414 4319 1544 4387 itineris

406 4429 456 4493 tui
472 4428 508 4493 in
522 4427 742 4516 Hungariam,
757 4431 813 4498 ubi
839 4430 1039 4498 intellexeris
1055 4428 1198 4514 Regiam
1214 4429 1428 4517 Majestatem
1452 4449 1545 4514 repe-

407 4536 475 4619 riri,
484 4543 635 4624 peteque,
648 4545 682 4606 et
696 4539 838 4625 impetra
853 4538 896 4607 ab
911 4538 982 4626 ipso
999 4536 1181 4626 Capitoneo
1199 4557 1350 4605 sccmum
1364 4537 1543 4604 transitum
