3356 5266
669 793 724 855 49.

6 1031 8 1046 ‚
129 959 224 1037 1468.
243 949 279 1036 A¹
290 971 443 1036 velenczei
459 971 680 1035 dllamtoadcs
699 971 801 1037 Dledo
818 971 959 1036 Fereacz
984 959 1257 1070 maqyororszdpi'
1267 961 1270 968 ¹

6 1083 8 1128 ἶ
126 1081 248 1146 kdcete't
262 1083 403 1164 atasitja
419 1083 500 1166 kopp
517 1105 538 1143 a
555 1081 687 1164 Mdtyc'a
701 1081 814 1168 lcirdly
828 1081 910 1145 dltal
927 1107 948 1145 a
965 1083 1108 1148 suckled
1122 1083 1258 1178 kdtendd

220 1189 330 1254 bc'lrdrc
355 1193 445 1253 adaco
470 1214 491 1252 o
509 1189 633 1274 rdqiebd
659 1191 907 1291 bc'lrepoatoklroz
924 1193 1171 1278 rapaszlcodjdlc.

126 1381 462 1456 MCGOOLXVIII.
479 1386 533 1452 die
550 1385 635 1452 XII.
652 1385 740 1470 May.

6 1537 7 1546 ι
237 1490 298 1559 Ser
329 1493 511 1560 Francisco
538 1493 644 1559 Diedo
665 1493 810 1575 Ductori,
828 1493 963 1561 Oratori
979 1503 1090 1562 nostro
1111 1498 1145 1561 in
1168 1496 1263 1562 Hun-

128 1623 237 1685 garra.

126 1714 146 1772 6
165 1708 342 1794 Sapientes
367 1707 503 1794 Oonsilij
677 1709 875 1795 Scripsimus
891 1712 983 1777 vobis
999 1713 1052 1778 die
1078 1713 1126 1782 ΙΙ.
1142 1715 1262 1779 intsan-

126 1823 172 1916 ξ
246 1843 261 1876 ³
363 1825 386 1884 t.
402 1816 459 1915 i-
537 1911 560 1915 „
614 1819 656 1883 tis
673 1827 705 1882 et
721 1818 1007 1886 reditumaPorta
1024 1817 1264 1887 Turei'Orsto-

6 1949 8 2004 ι
124 1929 171 1992 ris
201 1929 305 1993 nostri
330 1949 366 1991 re
391 1927 511 1992 infecta
538 1927 778 2006 denotavimus;
804 1935 838 1992 et
863 1929 1024 2010 quomodo
1048 1950 1117 1994 esse
1141 1937 1259 2016 posset,

177 1910 421 1917 ——-——-----——
475 1910 536 1916 -.--

6 2081 8 2102 ι
126 2037 219 2118 quod
235 2037 362 2119 pratica
378 2035 453 2099 istic
469 2035 600 2118 incepta
617 2056 675 2120 per
697 2037 794 2098 istum
811 2034 1058 2102 Serenissimum
1083 2036 1261 2104 Dominum
1359 2025 1367 2034 ’

125 2145 259 2226 Regem
286 2167 358 2208 cum
384 2142 516 2208 Tarcho
541 2151 611 2208 tam
637 2143 677 2208 de
693 2163 782 2228 pace,
800 2165 898 2226 quam
915 2144 955 2209 de
971 2143 1135 2230 Treuguis
1149 2168 1261 2230 prose-

125 2260 294 2334 queretur,
323 2255 405 2317 sicut
431 2251 535 2336 pridie
567 2251 659 2317 robis
687 2252 882 2334 scripsimus
907 2254 955 2317 ita
986 2255 1260 2338 inpresentiarum

6 2353 10 2416 s
125 2359 337 2444 replicamus
353 2359 498 2424 solentes
515 2367 548 2423 et
563 2359 653 2424 robis
671 2357 863 2423 mandantes
881 2381 952 2424 cum
970 2367 1081 2426 nostro
1108 2359 1255 2426 Consilio

126 2467 346 2552 Rogatorum,
363 2473 399 2531 ut
415 2490 471 2534 vos
488 2489 618 2550 quoque
644 2475 755 2532 nostro
782 2469 911 2533 nomine
937 2470 1188 2554 prosequamini.
1213 2471 1257 2534 Et

124 2577 277 2659 quamvis
293 2577 512 2642 existimemus
529 2599 584 2641 vos
600 2598 658 2660 per
683 2579 851 2660 superiora
869 2585 981 2642 nostra
996 2577 1152 2644 mandata
1178 2580 1259 2642 satis

88 2749 92 2754 ,
124 2685 327 2749 intellexisse
344 2692 483 2750 mentem
500 2697 661 2778 nostram,¹
681 2686 856 2751 nilominus
881 2707 941 2770 pro
967 2686 1092 2770 majori,
1109 2687 1257 2752 clariori-

6 2841 8 2848 .
123 2814 191 2874 que
208 2795 413 2876 expressione
431 2795 529 2878 illiue,
547 2795 629 2858 istas
646 2794 789 2858 scribere
805 2795 1022 2859 instituimus:
1040 2794 1257 2876 declarantes,

6 2973 7 2976 Ἴ
123 2907 158 2965 et
173 2901 347 2967 mandatos
364 2902 461 2982 vobis,
478 2903 564 2984 quod
579 2903 606 2966 si
623 2924 717 2966 casus
733 2903 870 2984 dederit,
888 2909 924 2967 ut
949 2903 993 2967 ad
1019 2905 1256 2970 conclusionem

122 3010 224 3094 pacis,
241 3032 298 3075 seu
324 3017 536 3095 treuguarum
551 3032 611 3096 per
627 3013 724 3076 istum
743 3009 994 3077 Serenissimum
1004 3011 1183 3076 Dominum
1192 3011 1255 3077 Re-

123 3140 211 3202 gem,
236 3127 269 3184 et
294 3141 349 3184 vos
375 3128 484 3186 nostro
510 3121 639 3186 nomine
665 3143 739 3185 cum
765 3119 896 3186 Tarcho
923 3121 1122 3200 deveniatur,
1138 3122 1172 3184 in
1188 3121 1255 3186 illis

122 3235 313 3311 apponatur
329 3229 393 3295 ista
409 3251 572 3314 expressa,
589 3236 622 3292 et
638 3229 825 3312 specificata
841 3230 985 3295 conditio
1013 3235 1046 3294 et
1063 3230 1255 3308 declaratio

6 3323 8 3406 l
124 3337 217 3417 quod
242 3339 329 3402 circa
354 3338 440 3402 illius
475 3339 588 3420 galeas
613 3345 647 3401 et
672 3337 776 3403 iustas
803 3345 950 3405 armatas
976 3347 1071 3404 extra
1106 3339 1257 3404 strictum

6 3461 10 3520 ῑ,
123 3444 318 3511 observetur
343 3447 525 3532 capitulum
541 3448 642 3529 pacis
660 3468 758 3530 quam
784 3471 857 3513 cum
881 3447 1147 3532 progenitoribus
1173 3447 1256 3530 ejus-

6 3561 7 3564 ’
123 3552 201 3618 dem
225 3554 369 3637 Domini,
395 3563 428 3620 et
453 3577 560 3622 secum
586 3555 687 3620 etiam
712 3577 839 3640 semper
865 3557 1057 3638 habuimus,
1085 3563 1118 3621 et
1159 3555 1255 3620 aliter

123 3662 327 3728 conclusioni
342 3663 487 3747 predicte
504 3685 558 3729 vos
575 3687 640 3729 non
658 3666 856 3730 assentiatis

236 3773 279 3856 —l-
327 3775 391 3838 149
437 3811 480 3819 —
528 3781 548 3838 0
594 3812 638 3821 -
688 3776 713 3836 1.

234 3935 393 3996 (Velenczei
406 3935 586 3999 allamkenyv
600 3941 633 3986 99
649 3939 677 3997 l.)

612 4224 772 4231 --——-..—.
