3336 5258
686 347 781 407 1479.
1233 345 1295 406 391

163 523 338 590 clementie
352 523 487 607 indiget,
503 530 570 588 tum
596 523 674 606 quia
699 523 749 587 vir
773 528 822 588 est
846 531 997 588 strenuus
1022 528 1055 586 et
1071 522 1180 587 animo
1197 524 1297 588 virtu·

163 640 266 714 teque
297 632 453 716 preditus,
477 631 517 696 de
549 651 613 714 quo
639 629 746 714 Regia
777 629 972 696 Sublimitas
1003 629 1036 693 in
1061 629 1203 714 servitijs
1228 631 1296 696 suis

164 741 272 824 magis
296 748 409 826 posset
433 743 531 808 rebus
556 741 590 805 16
615 762 740 806 omnem
766 746 924 821 eventum,
941 739 1095 823 quamde
1112 739 1296 805 senioribus

163 856 198 914 et
212 848 465 914 imbecilioribus
490 848 658 915 avunculis
684 855 717 914 61
742 847 991 930 consanguineis
1018 849 1104 933 ejus;
1130 854 1163 913 61
1186 847 1296 930 siquid

163 957 251 1022 forte
267 956 443 1040 devenerit,
459 957 583 1040 poterit
599 956 695 1040 longe
711 956 816 1039 magis
839 956 1013 1040 impetrata
1028 957 1122 1022 venia
1138 963 1172 1020 et
1186 955 1296 1038 gratia

161 1064 269 1148 Regio
286 1064 505 1132 Sublimitatis
521 1065 729 1130 benemereri.
746 1065 928 1130 Memorato
943 1065 1075 1148 insuper
1090 1063 1196 1144 Regie
1213 1061 1296 1129 Sub·

160 1173 295 1239 limitati
312 1175 515 1256 antiquatem
533 1179 565 1239 et
580 1173 785 1240 nobilitatem
800 1173 897 1257 hujus
913 1173 1028 1238 domus
1050 1171 1238 1239 fidelissime
1262 1180 1296 1239 et

162 1284 371 1349 devotissime
397 1281 527 1350 Corone
551 1281 733 1367 Huugarie,
759 1303 856 1365 quam
880 1283 1078 1367 extinguere,
1103 1289 1137 1348 et
1161 1288 1296 1366 nepotes

161 1390 426 1458 fidelissimorum
458 1392 654 1458 servitorum
686 1391 802 1457 evictis
833 1391 978 1474 paternis
1009 1390 1114 1475 pollat
1138 1389 1297 1469 domibus

160 1505 374 1584 preterquam
405 1499 493 1583 quod
523 1498 693 1583 indignum
725 1499 833 1583 Regia
865 1498 1117 1564 mansuetudine
1147 1499 1295 1582 reputari

160 1615 283 1693 posset,
299 1609 378 1674 mali
393 1607 493 1674 etiam
509 1608 647 1691 exempli
663 1607 748 1673 foret
764 1607 852 1691 apud
866 1628 1137 1690 unumquemque.
1153 1604 1211 1672 Ad
1234 1605 1295 1672 heo

160 1718 273 1784 omnia
288 1717 466 1800 adjungite,
482 1723 629 1800 respectu
645 1723 679 1782 61
694 1739 826 1782 oausam
844 1722 991 1782 nostram
1016 1715 1294 1796 intercedentium,

162 1825 220 1908 qui
246 1825 289 1890 ab
305 1825 413 1907 Regia
438 1825 619 1909 Majestate
644 1823 794 1890 exaudiri
820 1824 855 1889 iu
879 1830 948 1890 tam
973 1825 1110 1890 honesta
1134 1823 1294 1907 petitione

162 1955 343 2015 meremu1·;
359 1941 392 1999 et
408 1937 532 2017 quanto
557 1934 701 2016 potestis,
718 1933 896 1998 studiosius
912 1937 944 1997 et
968 1932 1133 1998 efficacius
1157 1931 1295 2015 (1666116,

161 2047 202 2106 61
217 2039 325 2124 Regia
341 2040 512 2107 Celsitudo
529 2039 671 2106 Comites
687 2039 870 2106 antedictos
886 2041 921 2105 in
937 2061 1028 2106 suam
1052 2039 1197 2123 recepiat
1219 2059 1294 2121 gra-

161 2149 254 2230 tiam,
270 2153 305 2212 61
319 2149 432 2232 copias
449 2154 579 2214 revocet
594 2149 636 2215 ab
653 2148 863 2232 oppressione
888 2148 1034 2215 locorum
1049 2169 1190 2227 suorum,
1207 2144 1295 2229 quod

160 2278 328 2341 speramus
344 2260 522 2340 impetratu
537 2257 579 2324 ob
595 2257 717 2322 multas
734 2256 875 2323 rationes
890 2279 955 2322 666
970 2255 1041 2322 1666
1057 2254 1201 2321 difficile.

269 2363 444 2446 Requirite
469 2365 566 2430 etiam
591 2371 625 2430 61
651 2365 782 2430 utimini
805 2385 905 2448 opera
919 2363 1011 2430 R-mi
1026 2361 1162 2428 Domini
1177 2359 1293 2428 (lardi-

160 2471 463 2554 661166116611166
489 2473 531 2537 611
561 2478 669 2538 restra
694 2474 894 2556 impetratio,
921 2478 954 2538 61
970 2472 1064 2538 nobis
1088 2470 1292 2554 respondete.

161 2579 312 2647 Dicimus
336 2579 427 2645 vobis
452 2580 609 2664 superius,
634 2587 672 2646 61
697 2580 768 2645 61116
792 2601 866 2646 oum
891 2579 999 2662 Regia
1024 2579 1212 2664 Majestate,
1230 2577 1293 2644 hoc

160 2691 247 2755 enim
272 2687 445 2771 intelligite
470 2709 557 2770 casn,
583 2709 647 2772 quo
676 2688 750 2772 ipsa
774 2689 883 2770 Regia
908 2687 1067 2773 Majestas
1098 2687 1173 2753 istie
1197 2686 1292 2752 Bude

160 2797 363 2881 reperietur:
381 2797 542 2879 quomodo
558 2797 586 2862 61
609 2797 679 2880 jam
695 2797 897 2864 discessisset
911 2818 971 2881 pro
988 2795 1094 2862 66616
1110 2793 1292 2861 addictam

161 2905 308 2986 Polouie,
324 2904 476 2970 nolumus
492 2903 559 2970 ullo
575 2911 682 2988 pacto,
698 2905 785 2989 quod
802 2911 846 2971 ad
862 2927 935 2971 eum
950 2903 1097 2970 accedas.

267 3011 445 3096 Magnifice
477 3017 585 3078 autem
613 3009 732 3078 Comiti
757 3011 889 3096 Angelo
920 3012 1016 3078 16166
1047 3011 1170 3077 noticia
1196 3010 1292 3096 hujus

157 3126 269 3186 nostre
284 3118 473 3202 scriptionis
489 3141 561 3184 eum
578 3119 670 3186 bonis
696 3127 730 3186 et
753 3121 904 3187 humanis
929 3120 1047 3201 verbis,
1064 3126 1097 3185 et
1114 3119 1291 3204 subjunga-

158 3235 214 3293 tur
229 3249 360 3313 sperare
375 3249 434 3294 666
453 3227 718 3294 intercessionem
743 3235 891 3296 nostram
915 3228 1013 3296 rebus
1039 3229 1105 3295 suis
1121 3226 1291 3293 16661666-

156 3335 305 3418 rabilem,
319 3342 352 3402 et
368 3335 490 3416 utilem,
507 3341 540 3402 61
555 3336 705 3404 hortetur
729 3337 772 3404 ad
797 3338 1091 3424 propugnationem
1116 3341 1291 3402 61666666-

157 3444 320 3510 vationem
336 3443 467 3509 interim
483 3442 630 3510 locorum
646 3466 785 3513 suorum.

264 3589 308 3600 -
357 3555 430 3618 103.

268 3657 345 3743 Sap.
362 3655 443 3725 Ord.
461 3658 587 3728 Volunt
612 3667 739 3745 partem
757 3659 962 3744 Sapientiam
983 3659 1117 3744 (lonsilij
1145 3665 1178 3723 et
1203 3662 1291 3723 16666

158 3767 260 3849 firme,
277 3767 333 3833 sed
348 3773 457 3836 tamen
473 3791 538 3834 666
554 3769 747 3854 expediatur
763 3774 938 3854 propterea
954 3768 1030 3834 hinc
1046 3767 1164 3834 (166666
1181 3765 1291 3853 Ange-

158 3875 211 3942 lus
228 3877 298 3942 sine
315 3875 382 3941 alia
407 3875 642 3944 deliberatione
667 3877 764 3962 hujus
781 3877 928 3964 Consilij,
944 3877 1001 3943 sed
1026 3873 1197 3941 differatur
1220 3899 1289 3960 pre·

154 3982 246 4049 dicta
262 3982 424 4066 expeditio
441 3989 546 4069 usque
561 3983 605 4050 ad
620 3985 761 4068 primum
778 3983 961 4051 Consilium
976 3984 1189 4068 Rogatorum.

265 4087 305 4174 -1-
355 4092 398 4156 34
445 4131 488 4140 -
535 4097 554 4156 0
602 4131 645 4140 -
691 4095 722 4158 4.

267 4289 427 4349 (Velcuozei
440 4289 641 4354 allamkdnyv.)

645 4471 804 4481 ..—
