3336 5252
13 2125 15 2176 1
116 2143 119 2150 .

13 2187 15 2248 1

649 364 743 430 1475.
1196 355 1259 420 297

13 567 14 582 ¹
135 560 166 628 la
180 577 260 623 cosa
273 559 391 636 troppo
407 569 539 633 grassa;
555 551 588 612 et
612 546 672 611 che
688 541 820 628 quando
841 563 907 606 non
923 561 956 607 se
971 546 1100 625 potesse
1116 539 1262 606 arrivare

13 669 14 674 ’
136 669 260 734 111400
276 663 376 742 milla,
400 661 461 726 che
477 659 512 724 la
534 659 653 723 tirasse
679 653 744 722 alle
761 659 825 720 300
852 651 952 732 milla,
977 651 1065 717 saria
1088 672 1152 735 pur
1176 648 1263 714 bona

13 807 15 866 ξ
136 775 326 863 provisione.
341 769 464 836 Datum
480 768 587 833 Rome
604 770 655 830 29.
671 761 864 831 Decembris
883 763 979 826 1475.

814 867 942 934 Servuli

569 981 702 1067 Filippo
719 979 934 1046 Sacramorus
949 980 983 1041 et
998 973 1215 1059 Augustinus.

239 1097 287 1164 Al
303 1099 398 1163 Duca
414 1095 455 1160 de
471 1092 608 1158 Milano.
640 1141 648 1159 .
686 1143 692 1156 .
729 1138 737 1154 .

242 1260 369 1327 (1111111
380 1258 542 1319 suranna.)

624 1400 785 1412 —————

667 1637 740 1701 206.

167 1809 265 1874 1475.
282 1805 414 1892 Mdiycis
429 1802 542 1885 kirtly
557 1799 902 1886 meqbotalmazodayc
920 1796 1076 1861 Fontaoa
1091 1793 1232 1857 Ferencz

386 1913 490 1977 11ὄο111
505 1911 626 1975 1111111
642 1933 663 1972 α
680 1907 820 1972 11111111όί
836 1904 1025 1990 berczeqne'l.

725 2066 920 2134 Mandatum
936 2065 1040 2155 Regis
1056 2063 1229 2152 Hungarie

247 2185 318 2251 Nos
335 2179 492 2258 Mathias,
509 2179 571 2244 Dei
590 2178 698 2260 gratia
713 2176 785 2241 Rex
802 2174 985 2257 Hungarie,
996 2173 1161 2253 Bohemie,
1176 2192 1274 2236 mem-

13 2355 14 2370 ,
136 2292 242 2360 morie
252 2288 513 2355 commendamus
530 2308 588 2370 per
598 2291 773 2369 presentes,
784 2283 870 2368 quod
882 2306 939 2349 nos
956 2283 996 2348 de
1012 2281 1085 2362 fide,
1101 2279 1275 2359 fidelitate,

136 2397 378 2487 prudentiaque
389 2401 422 2460 et
433 2393 601 2478 legalitate
612 2392 716 2458 fidelis
732 2393 839 2458 nostri
854 2392 976 2474 dilecti,
987 2392 1110 2475 egregii
1119 2385 1272 2471 Magistri

136 2505 309 2575 Francisci
339 2505 498 2582 Fontaue,
529 2502 664 2568 Artium
695 2507 730 2566 ct
762 2498 923 2568 Medicina
942 2501 1105 2580 Doctoris,
1120 2494 1276 2564 Oratoris

13 2613 15 2662 ff
139 2615 248 2706 nostri
265 2611 454 2697 adplenum
470 2609 591 2692 conlisi,
616 2609 720 2676 eidem
745 2609 876 2694 plenum
892 2610 1083 2674 mandatum
1101 2613 1134 2672 et
1149 2625 1277 2670 omnem

13 2781 15 2810 ,
143 2724 338 2792 facultatem
376 2725 522 2786 nostram
560 2714 716 2800 dedimus,
748 2719 928 2802 damusque
958 2741 1031 2784 cum
1063 2712 1278 2780 Ilustrissimo

13 2831 15 2896 Ξ
138 2831 300 2916 Principe
329 2830 471 2922 Domino
501 2827 625 2896 Galeas
658 2829 769 2895 Maria
786 2827 911 2895 Siortin
943 2827 1153 2912 Vicecomite,
1185 2827 1279 2897 Duce

13 2941 15 3026 ξ
143 2939 339 3020 Mediolani,
355 2937 459 3003 fratre
476 2943 509 3002 11
525 2937 623 3003 affine
640 2933 763 3014 nostro,
779 2943 891 3002 nostro
915 2937 1046 3003 nomine
1062 2937 1281 3022 conveniendi,

13 3079 14 3082 ¹
143 3071 187 3117 ae
203 3049 246 3143 de
272 3053 306 3114 et
322 3068 419 3131 super
435 3045 679 3130 quibuscunque
704 3045 812 3128 rebus,
829 3047 896 3112 sive
912 3047 1031 3112 nostris
1048 3047 1197 3132 privatis,
1214 3051 1281 3119 sivo

13 3161 15 3236 ξ
143 3157 287 3246 publicis
305 3154 501 3239 conferendi,
511 3155 684 3236 tractandi,
695 3155 909 3222 concludendi
925 3162 957 3222 et
967 3157 1121 3223 conclusa
1130 3155 1282 3224 firmandi

13 3341 15 3360 Ι
142 3274 178 3333 11
194 3264 350 3350 sigilandi
374 3269 408 3330 et
424 3265 533 3329 omnia
556 3263 623 3329 alia
638 3263 789 3348 faciendi,
809 3287 872 3350 que
888 3287 946 3332 101
973 3267 1036 3351 ipsi
1051 3266 1161 3334 faeere
1177 3287 1283 3350 posse·

13 3461 15 3472 Β
142 3395 230 3454 mus,
255 3374 284 3458 si
309 3372 527 3456 personaliter
551 3374 789 3453 interessemus,
814 3376 913 3440 etiam
939 3375 967 3440 si
991 3376 1073 3441 talia
1090 3375 1208 3460 forent,
1224 3395 1284 3459 que

13 3475 17 3548 .'
143 3481 340 3548 mandatum
371 3481 539 3562 exigerent
568 3484 675 3565 magis
705 3484 855 3566 speciale,
886 3506 984 3568 quam
1010 3486 1217 3568 presentibus
1234 3494 1284 3551 est

13 3605 15 3610 '
144 3611 352 3675 expressum,
382 3591 609 3673 promittentes
634 3591 732 3657 verbo
758 3597 870 3657 nostro
895 3591 1002 3676 Regio
1037 3599 1069 3658 et
1103 3592 1190 3662 bona
1222 3595 1284 3674 fide

13 3741 15 3744 -
145 3705 267 3766 nostra
283 3695 473 3762 Ofiristians
483 3697 646 3764 mediante
662 3701 772 3765 omnia
788 3722 837 3781 ea,
854 3720 918 3783 que
929 3703 996 3785 ipse
1006 3700 1167 3786 Magister
1181 3705 1286 3771 Fran·

148 3808 258 3874 111111
275 3805 396 3873 Orator
411 3810 521 3871 noster
537 3828 610 3871 cum
626 3809 755 3892 prefato
780 3809 924 3876 Domino
949 3807 1042 3876 Duce
1063 3833 1123 3896 pro
1140 3813 1202 3880 hac
1218 3815 1288 3880 vice

149 3914 349 3981 tractaverit
372 3920 405 3978 et
420 3919 532 3979 nostro
547 3917 678 3982 nomine
703 3918 908 4000 concluserit,
923 3921 1111 4004 firmaverit,
1127 3923 1287 4007 approba-

149 4023 239 4088 verit
254 4028 288 4087 et
313 4021 501 4105 sigilaverit,
526 4030 599 4089 rata
624 4025 757 4108 habere,
782 4027 983 4113 firmiterque
1005 4037 1038 4096 et
1053 4030 1289 4098 inviolabiliter

149 4129 340 4211 observare,
380 4129 574 4215 sigilumque
615 4155 717 4216 suum,
759 4139 1000 4221 quamprimum
1031 4139 1071 4204 de
1103 4139 1289 4225 hujusmodi

150 4237 316 4306 conclusis
332 4244 458 4303 certam
475 4241 623 4304 notitiam
649 4241 869 4326 habuerimus,
885 4247 993 4330 sigillo
1010 4253 1121 4313 nostro
1137 4249 1205 4314 sine
1221 4248 1290 4315 ulla

150 4344 416 4414 contradictione
431 4347 591 4413 redimere
608 4353 642 4414 et
658 4348 815 4416 roborare
841 4352 957 4419 harum
978 4353 1148 4422 literarum
1164 4363 1291 4423 nostra·

151 4476 239 4535 rum,
256 4451 375 4537 quibus
391 4453 534 4537 sigillum
561 4463 716 4539 nostrum,
733 4481 797 4543 quo
825 4466 862 4525 ut
878 4461 950 4527 Rex
971 4462 1143 4550 Hungarie
1159 4468 1291 4548 utimur,

151 4563 207 4631 est
224 4581 414 4652 appensum,
429 4565 540 4655 vigore
558 4572 591 4631 et
604 4568 788 4633 testimonio
799 4568 972 4643 mediante.
992 4569 1161 4642 Datnmiu
1172 4572 1291 4654 Castro
