3336 5258
404 354 469 439 400
754 375 991 439 οινωωοκω
1008 360 1176 442 sundran.

404 551 491 616 illins
525 551 716 630 auctoritas,
742 572 815 633 que·
840 553 948 618 omnia
983 554 1079 618 simul
1105 555 1148 620 ad
1175 557 1340 635 cumulum
1371 563 1533 623 contenta·

405 661 505 726 menti
524 667 557 725 et
572 660 683 744 gaudij
702 661 806 728 nostri
823 661 990 728 accedunt.

513 769 748 843 Intelleximus,
766 791 955 854 quecunque
970 769 1270 838 R·maDominatio
1288 795 1347 838 sua
1364 775 1448 858 prius
1460 796 1535 840 cum

406 877 565 960 singulari
581 877 745 960 gravitate
761 883 795 942 et
810 879 971 944 modestia
996 878 1105 944 locuta
1131 887 1189 960 est,
1206 881 1463 966 persuadereque
1479 903 1536 946 no·

406 986 457 1051 bis
483 985 650 1051 contendit
673 1007 787 1069 paoem
812 987 975 1070 Italicam,
1001 989 1092 1072 cujus
1118 1009 1249 1054 causam
1277 991 1310 1056 in
1338 989 1467 1056 (iuriam
1494 989 1536 1054 ab

407 1095 515 1178 Regia
530 1093 731 1160 Celsitudine
747 1095 906 1176 mittitur3
923 1101 956 1162 ct
972 1117 1034 1180 que
1051 1099 1230 1162 successive
1247 1099 1280 1163 in
1297 1099 1431 1164 eundem
1446 1097 1539 1162 effec-

407 1210 477 1269 tum
493 1204 663 1287 aliquanto
680 1202 867 1269 distinctius
883 1204 1095 1270 Reverendus
1111 1205 1271 1272 Dominus
1288 1206 1479 1291 Propositus
1504 1213 1537 1270 et

408 1312 694 1395 Prothonotarius,
713 1312 900 1396 Oratorque
916 1313 1040 1396 Regius
1057 1313 1267 1398 dignissimus
1285 1315 1393 1400 Regio
1409 1317 1537 1378 nomine

408 1423 575 1505 exposuit,
592 1426 625 1486 et
641 1422 724 1487 siout
749 1422 863 1489 ambos
889 1421 1028 1487 libenter
1055 1428 1088 1487 et
1107 1407 1251 1506 jucunde
1267 1423 1465 1489 audivimus:
1492 1423 1538 1484 ita

408 1531 556 1613 utrisque
573 1551 645 1594 cum
662 1530 748 1594 omni
774 1531 913 1595 veritate
940 1537 972 1594 et
997 1532 1186 1596 sinceritate
1208 1531 1483 1615 respondebimus,
1506 1535 1539 1594 et

408 1638 532 1701 utinam
550 1636 592 1702 ab
608 1638 744 1721 reliquis
761 1637 872 1702 eadem
887 1637 1094 1722 jucunditate
1121 1641 1327 1723 excipiantur
1353 1645 1386 1704 et
1409 1639 1539 1702 audian·

412 1751 472 1826 tur,
488 1751 521 1809 et
537 1746 609 1828 pari
627 1747 763 1812 veritate
780 1751 812 1810 et
828 1746 1014 1811 sinceritate
1031 1746 1077 1810 eis
1095 1747 1349 1830 respondeatur:

516 1853 592 1919 Non
609 1853 798 1937 incipiemus
813 1855 955 1938 oprimis
966 1855 1072 1918 causis
1088 1872 1121 1918 et
1138 1856 1257 1938 impijs,
1274 1854 1420 1939 sedisque
1435 1853 1536 1919 modis

409 1961 547 2025 servatis
563 1962 596 2026 in
625 1963 756 2028 civitate
772 1961 950 2039 Florentio,
967 1961 1085 2044 quibus
1102 1983 1168 2026 non
1194 1963 1325 2026 omnino
1343 1963 1539 2027 succedenti·

409 2068 470 2132 bus
485 2071 662 2136 excitatum
678 2079 711 2136 et
727 2073 891 2154 inceptum
908 2075 958 2133 est
974 2089 1107 2152 presens
1124 2069 1157 2133 in
1183 2069 1286 2135 Italia
1311 2071 1442 2152 bellum,
1465 2091 1540 2156 quo·

409 2177 506 2240 modo
524 2177 632 2261 sepius
648 2179 787 2244 antchac
813 2199 871 2262 per
896 2195 954 2242 nos
980 2176 1141 2260 explicate
1167 2175 1266 2261 suere,
1283 2185 1315 2243 ot
1331 2185 1408 2243 sunt
1433 2178 1541 2263 hujus·

409 2284 507 2366 modi,
523 2295 560 2350 ut
576 2286 618 2350 ab
634 2307 825 2370 quocunque
851 2293 941 2350 recto
958 2285 1073 2349 iuditio
1100 2292 1133 2348 ot
1158 2285 1238 2350 beno
1266 2287 1420 2351 instituto
1436 2287 1541 2351 animo

410 2414 474 2457 non
492 2391 597 2457 solum
612 2394 746 2476 probari
772 2415 836 2459 non
861 2394 997 2476 possint,
1015 2391 1071 2458 sed
1087 2415 1127 2458 nc
1143 2394 1210 2458 sine
1228 2395 1389 2478 singulari
1414 2395 1542 2477 quidem

411 2500 628 2567 admiratione
653 2509 686 2567 et
711 2503 863 2568 molestia
890 2501 1006 2566 audiri.
1032 2500 1107 2566 Hoc
1132 2509 1240 2566 autem
1266 2523 1332 2566 non
1355 2502 1543 2584 tacebimus,

412 2608 499 2691 quod
528 2610 554 2673 si
579 2630 638 2674 nos
663 2611 712 2675 ita
742 2611 877 2675 studiosi
911 2608 1082 2674 fuissemus
1112 2607 1244 2674 fovendi
1269 2617 1302 2675 et
1331 2611 1544 2695 prosequendi

411 2713 499 2797 belli,
525 2717 608 2782 siout
633 2723 666 2782 et
692 2716 897 2800 estinguendi
924 2716 1023 2796 illius,
1048 2723 1080 2781 et
1105 2716 1306 2799 pacificando
1333 2718 1434 2783 Italia
1461 2719 1544 2801 cupi-

327 2805 333 2814 *
412 2823 470 2889 dos
501 2845 570 2908 nos,
600 2831 633 2890 ot
663 2825 807 2890 solicitos
838 2825 972 2890 nimium
1008 2824 1262 2908 declaravimus,
1297 2847 1350 2890 res
1381 2825 1484 2891 Italic
1514 2825 1543 2888 in

413 2932 487 3016 alijs
514 2932 598 2997 sorte
624 2939 733 2997 essent
751 2934 924 2998 constituto
950 2933 1107 3014 terminis,
1127 2933 1185 2998 sed
1210 2933 1419 3017 sperantibus
1445 2933 1545 3011 nobis,

412 3047 448 3105 ut
465 3040 564 3105 animi
587 3041 621 3104 in
648 3041 813 3105 meliorem
840 3041 1034 3106 sententiam
1061 3047 1167 3105 essent
1190 3040 1390 3123 inclinaturi,
1416 3048 1450 3106 et
1476 3061 1546 3125 pro-

412 3148 621 3232 sequentibus
655 3149 814 3233 precipua
844 3170 923 3214 cura
954 3153 987 3213 et
1017 3149 1169 3229 indagine
1204 3149 1420 3231 cogitationes
1460 3149 1547 3232 pacis

412 3256 633 3337 suadentibus
662 3256 906 3340 postulantibus
930 3264 963 3322 et
979 3279 1039 3342 per
1063 3257 1188 3322 viscera
1212 3255 1294 3321 D-ni
1324 3257 1429 3323 nostri
1445 3257 1548 3322 Jhesu

412 3363 547 3448 Christi,
579 3367 670 3450 cujus
701 3363 848 3430 membra
880 3365 997 3430 laniari
1036 3364 1249 3430 multifariam
1290 3365 1547 3444 ostendebamus,

412 3471 667 3555 implorantibus
684 3480 717 3538 et
733 3473 1004 3557 supplicantibus,
1016 3477 1049 3538 et
1065 3493 1192 3538 omnem
1210 3471 1288 3536 belli
1305 3472 1415 3537 Italici
1431 3495 1549 3539 memo·

412 3581 496 3644 riam
517 3588 550 3645 et
574 3580 868 3648 considerationem
885 3581 1094 3646 horrentibus
1110 3587 1143 3645 et
1158 3577 1404 3662 refugientibus,
1430 3582 1463 3644 in
1480 3579 1549 3643 dies

415 3689 520 3772 magis
547 3709 567 3753 a
592 3709 673 3772 paco
690 3738 698 3755 ,
715 3739 722 3754 .
738 3739 745 3754 .
760 3739 767 3754 .
785 3691 909 3754 animos
936 3688 1127 3768 abalienari,
1155 3692 1186 3751 et
1211 3687 1244 3750 in
1269 3687 1440 3769 proposito
1473 3686 1551 3751 belli

413 3795 561 3860 indurari
579 3797 800 3878 cognovimus,
816 3802 852 3860 ut
869 3795 911 3861 ad
927 3801 1104 3861 extremum
1129 3793 1171 3858 ab
1201 3814 1264 3858 uno
1292 3793 1396 3858 latere
1412 3801 1552 3878 urgento

418 3903 643 3986 potentissimo
667 3902 804 3980 inimico,
821 3909 854 3966 et
871 3901 912 3967 ab
927 3903 1045 3981 altero,
1071 3902 1128 3983 qui
1153 3900 1246 3966 nobis
1272 3901 1441 3984 suppetias
1466 3902 1553 3968 serra

419 4010 615 4091 debuissent,
641 4017 759 4075 cuncta
784 4011 818 4074 in
849 4009 949 4074 Italia
980 4008 1199 4090 turbantibus,
1231 4014 1264 4074 et
1291 4010 1395 4074 socios
1426 4017 1554 4076 nostros

421 4118 660 4184 offendentibus
677 4125 711 4184 et
727 4117 994 4202 opprimentibus,
1005 4118 1221 4184 necessarium
1232 4117 1324 4184 nobis
1336 4118 1435 4183 luerit
1445 4121 1554 4203 aliquo

420 4227 516 4292 modo
542 4226 708 4292 consulere
734 4228 830 4292 rebus
855 4227 1065 4310 nostrisque
1087 4225 1147 4290 sub
1163 4226 1264 4290 nimia
1280 4233 1394 4290 nostra
1419 4227 1460 4292 do
1475 4249 1555 4310 paca

420 4356 478 4418 spe
495 4333 622 4399 duobus
639 4334 734 4398 simul
751 4333 910 4418 implicita
933 4333 1028 4398 bellis
1045 4334 1078 4398 in
1095 4333 1340 4398 discriminosas
1358 4333 1557 4400 devenerant

419 4442 630 4520 conditiones,
648 4463 753 4524 neque
772 4441 877 4506 deluit
894 4441 935 4506 ab
952 4441 1051 4506 ltalia
1071 4442 1297 4506 turbatoribus
1322 4441 1444 4506 addere
1461 4445 1557 4510 nobis

416 4571 515 4613 noros
533 4570 630 4632 super
654 4557 782 4615 ceteros
798 4549 927 4615 labores
943 4555 977 4613 et
993 4569 1091 4615 noras
1107 4549 1346 4628 tribulationes,
1364 4551 1392 4613 si
1410 4552 1557 4616 exauditi

1634 389 1644 642 l
