3334 5276
514 301 517 311 ¹
696 352 793 422 rese.
1270 352 1311 418 rs

177 534 348 602 notificare
363 535 571 639 decrevimus,
581 542 617 602 ut
627 536 696 620 ejus
707 533 887 602 Beatitudo
903 553 962 617 per
977 534 1087 618 priora
1103 553 1186 600 nova
1201 539 1234 600 et
1249 551 1309 618 per

176 643 241 709 hec
256 645 354 711 etiam
370 645 542 710 excitatior
558 649 592 710 et
607 646 789 728 promptior
804 641 962 708 reddatur
978 640 1022 708 ad
1047 641 1249 726 provisiones
1274 647 1308 709 et

177 753 327 818 subsidia
342 754 535 822 necessaria.

286 879 757 964 †1se-a-o

284 1042 320 1103 (V
322 1041 442 1092 elenensi
460 1041 648 1107 allamkonyv.
665 1043 736 1098 los).

662 1255 823 1267 ——un

717 1492 769 1554 lo.

177 1675 273 1738 1466.
289 1671 316 1736 A
334 1672 488 1738 celenensi
502 1671 721 1735 dllamtandcs
739 1669 870 1734 culam
888 1693 909 1734 a
929 1691 1069 1756 mappas·
1085 1669 1198 1758 lcirdly
1215 1670 1307 1736 letne·

373 1781 464 1845 ldaek
474 1775 567 1866 fdlsp
583 1804 604 1844 a
628 1779 854 1866 rapsacialcra
871 1779 1115 1866 conctkozdlap.

135 2011 142 2020 ·
176 1973 464 2046 Mooochxvl.
482 1977 535 2042 dle
552 1973 695 2042 monada
708 1973 814 2060 Junij.

177 2083 351 2168 Sapientes
368 2082 506 2167 Consilij
670 2079 769 2168 Quod
786 2079 922 2148 Oratori
950 2080 1018 2148 Ser.
1035 2080 1077 2148 D.
1093 2081 1195 2166 Regis
1213 2081 1309 2149 Hun-

267 2215 284 2252 ›
370 2197 393 2258 t.
409 2191 431 2258 s.
608 2192 701 2272 garie
735 2197 809 2264 nost
843 2193 1086 2274 responsionem
1120 2189 1243 2257 factam
1279 2184 1309 2255 ei

269 2323 285 2359 ›
371 2300 530 2368 Ordinum
610 2297 653 2363 ad
678 2318 724 2377 ea,
746 2301 819 2379 ‘que
851 2299 1008 2384 exposuit,
1038 2297 1185 2366 dicatur:
1223 2297 1309 2382 quod

174 2388 555 2491 prudentiam
571 2407 688 2490 atejus
704 2405 804 2470 multe
820 2408 853 2470 iu
869 2427 927 2471 nos
951 2404 1115 2473 affectioni
1131 2405 1307 2490 plurimum

175 2515 384 2598 confidentes,
410 2515 612 2581 decrevimus
637 2534 829 2597 quecunque
855 2517 1061 2581 occurrentia
1086 2522 1195 2582 tecum
1220 2534 1308 2580 com·

175 2625 352 2705 manicare,
376 2631 414 2688 ut
439 2623 543 2707 Regis
560 2623 740 2708 Maiestati,
757 2644 830 2688 cum
846 2623 913 2688 illic
937 2621 1045 2708 luerit,
1061 2645 1171 2694 rerum
1187 2624 1305 2690 verita·

175 2737 253 2810 tem,
270 2733 558 2815 sinceritatemque
575 2730 675 2798 animi
691 2732 795 2796 nostri
811 2731 916 2816 possit
941 2729 1119 2798 declarare.
1136 2730 1305 2800 Intellexi·

174 2860 247 2904 mus
263 2839 432 2924 Raguseos
449 2839 489 2906 de
506 2840 599 2906 nobis
615 2839 703 2923 apud
720 2838 860 2906 eandem
876 2838 1087 2924 Majestatem
1113 2845 1308 2925 conquestos

174 2969 254 3030 esse,
271 2955 305 3014 et
320 2946 423 3014 multa
438 2947 552 3014 iecisse
568 2948 677 3014 aliena
693 2946 824 3032 penitus
835 2946 877 3013 ab
888 2949 975 3014 omni
993 2949 1138 3030 veritate,
1153 2947 1195 3014 ad
1213 2948 1308 3015 finem

174 3059 282 3141 potius
298 3055 446 3122 scandali
468 3057 605 3139 serendi,
632 3077 729 3139 quam
756 3057 834 3140 quia
860 3056 901 3122 ah
927 3056 996 3123 ulla
1019 3057 1183 3141 legittima
1208 3079 1309 3124 causa

174 3165 396 3249 impellantur,
412 3164 575 3248 quomodo
590 3165 664 3230 illos
681 3163 868 3230 humaniter
884 3185 1012 3249 semper
1029 3172 1061 3231 et
1079 3166 1183 3232 amice
1199 3164 1303 3232 videri

173 3274 374 3356 tractarique
391 3273 569 3356 possimus3
586 3277 618 3338 et
636 3273 792 3356 quicquid
808 3271 929 3339 favoris
946 3273 980 3338 in
997 3273 1069 3339 illos
1095 3281 1128 3338 et
1153 3271 1303 3357 beneficij

176 3383 210 3446 in
227 3402 339 3446 eorum
355 3381 468 3463 aliqua
485 3381 679 3448 necessitate
695 3379 844 3447 conferre
859 3381 1036 3463 potuimus,
1051 3379 1085 3446 id
1101 3379 1305 3448 contulimus.

175 3488 241 3554 Sed
258 3491 320 3573 ipsi
336 3493 404 3552 toto
421 3488 483 3554 hoo
507 3487 603 3570 hello,
629 3507 819 3572 quecunque
846 3487 991 3554 subsidia
1015 3485 1132 3554 'liuteis
1157 3495 1304 3572 prestare

174 3603 353 3683 potuerunt
368 3605 401 3663 et
419 3597 607 3663 victualium
618 3604 650 3663 et
660 3617 929 3682 quarumcunque
945 3597 1086 3664 aliarum
1101 3619 1220 3678 rerum,
1236 3597 1307 3662 siue

174 3707 241 3772 ullo
265 3711 416 3789 respectu
441 3707 663 3788 prestiterunt,
688 3705 886 3789 preferentes
912 3708 1047 3791 propria
1077 3705 1245 3791 coneraia,
1271 3712 1304 3770 ot
1331 3735 1332 3743 κ

174 3813 405 3897 particularem
445 3812 624 3878 utilitatem
664 3813 888 3880 universorum
930 3813 1183 3880 christianorum
1224 3829 1309 3878 com·

174 3919 280 4004 modo,
298 3921 385 4004 quod
400 3942 516 4006 parum
532 3922 754 3987 existimantes
770 3928 912 4006 querunt
928 3923 1026 3988 etiam
1051 3923 1137 3987 inter
1162 3921 1302 4006 Regiam

174 4027 384 4112 Majsstatsm
410 4036 442 4094 et
467 4049 525 4095 nos
551 4027 730 4094 dissidium.
762 4029 810 4094 Et
834 4028 981 4112 quamvis
1016 4028 1175 4112 sapientie
1200 4027 1306 4111 Regis

175 4137 313 4202 maxime
330 4136 521 4220 tribuamus,
538 4143 687 4220 rogatam
703 4143 813 4203 tamen
829 4137 965 4203 eandem
984 4135 1198 4221 Majestatem
1218 4133 1310 4200 volu·

174 4265 254 4324 mus,
269 4252 307 4310 ut
322 4245 420 4312 nullis
436 4246 567 4311 omnino
578 4245 617 4310 de
628 4244 722 4310 uobis
738 4243 952 4312 relationibus
967 4243 1196 4328 Boguseorum
1214 4241 1308 4309 iidem

174 4349 379 4437 prestet3sed
389 4361 499 4420 nostre
509 4363 620 4420 mutue
631 4359 663 4419 et
673 4334 1309 4436 sincerissimebenivolentiecredatque

173 4462 255 4528 nihil
265 4465 343 4545 agit,
356 4463 435 4528 nihil
446 4463 578 4546 cogitat,
588 4463 652 4528 nisi
663 4463 749 4545 quod
760 4485 800 4528 ex
816 4484 878 4528 usu
895 4460 1123 4546 dignitateque
1134 4461 1305 4544 utriusque

172 4575 318 4637 nostrum
345 4571 396 4638 sit.
422 4569 655 4654 Dignaturque
681 4570 799 4636 eadem
825 4569 984 4653 Majestas
1009 4567 1189 4654 providere,
1215 4567 1304 4651 quod

1149 4679 1189 4746 *2
