3336 5252
411 339 476 402 330
768 357 1006 404 orntouaczmr
1022 345 1191 404 amanen.

411 516 548 582 eandem
564 516 752 600 impresiam
780 515 980 602 donavimus,
1005 521 1206 603 presentium
1222 525 1338 586 tenore
1353 519 1539 586 facultatem

410 629 609 710 potestatem
633 623 837 690 concedimus
861 627 1013 693 tradendi
1051 633 1085 694 et
1109 627 1253 695 donandi
1280 627 1400 694 dictam
1426 628 1540 712 impre-

410 735 491 800 siam
518 733 603 800 stole
628 741 740 800 nostro
767 736 897 801 nomine
923 735 1093 802 duodecim
1119 759 1158 802 ex
1183 736 1246 802 hiis
1271 737 1462 822 proceribus
1478 738 1540 804 sive

411 841 585 924 nobilibus,
596 864 676 926 quos
694 842 811 926 dignos
829 843 885 926 qui
902 843 992 910 dicta
1008 844 1163 930 impresia
1178 846 1351 928 donentur,
1368 867 1490 929 quosve
1511 853 1541 912 et

411 951 515 1036 Regie
541 951 604 1035 ipsi
629 950 798 1036 Mejestati
824 957 857 1016 et
881 950 974 1018 nobis
999 952 1129 1020 deditos
1146 954 1421 1035 existimaveritis,
1446 976 1540 1038 quam

411 1080 576 1125 unacum
611 1059 773 1144 capitulis,
805 1059 923 1145 quibus
956 1061 1176 1142 continentur,
1208 1083 1311 1146 eaque
1342 1062 1399 1146 qui
1422 1061 1541 1128 dictam

411 1168 596 1252 impresiam
621 1169 800 1253 suscipiunt
825 1167 1027 1236 observanda
1050 1175 1126 1235 sunt
1143 1168 1207 1256 (l)
1223 1170 1310 1237 tradi
1326 1171 1484 1255 volumus,
1508 1177 1541 1236 ut

412 1297 460 1356 ea,
486 1295 548 1358 quc
573 1277 607 1342 in
632 1277 710 1359 ipsis
736 1277 888 1362 capitulis
905 1275 1123 1360 continentur,
1139 1278 1312 1345 observare
1341 1280 1479 1364 possint,
1510 1280 1541 1345 iu

413 1383 530 1467 quibus
547 1385 679 1468 quidem
694 1385 788 1452 stolia
804 1407 863 1470 per
879 1407 935 1452 ros
952 1387 1113 1454 donandis
1139 1409 1211 1454 eam
1226 1389 1335 1472 ipsam
1351 1388 1540 1456 facultatem

412 1491 628 1574 concedimus,
641 1515 738 1576 quam
750 1515 810 1560 nos
826 1495 889 1578 ipsi
904 1495 1111 1580 haberemus,
1121 1496 1148 1562 si
1164 1515 1223 1580 per
1239 1517 1298 1563 nos
1315 1495 1434 1580 quibus
1453 1495 1541 1563 nobie

412 1599 515 1665 visum
532 1607 625 1682 esset,
642 1601 882 1685 concederetur,
898 1604 1043 1671 volentes
1059 1611 1092 1671 et
1109 1605 1329 1687 decernentes,
1352 1612 1390 1671 ut
1401 1605 1434 1687 ii,
1452 1607 1542 1688 quia

413 1707 503 1773 vobis
528 1708 616 1774 dicta
642 1709 730 1775 stola
754 1709 868 1777 donati
894 1711 1025 1796 fuerint,
1041 1710 1178 1778 eandem
1203 1712 1331 1779 deterre
1348 1714 1484 1798 possint,
1507 1735 1543 1779 ac

413 1838 452 1882 ca
478 1815 536 1896 uti,
553 1837 616 1880 non
633 1816 733 1882 aliter
750 1839 848 1900 quam
867 1821 894 1886 si
910 1821 1032 1887 eisdem
1058 1842 1117 1905 per
1141 1842 1200 1886 nos
1224 1821 1312 1906 ipsos
1329 1820 1409 1886 data
1424 1825 1458 1886 et
1473 1843 1543 1886 con·

414 1944 507 1988 cessa
522 1933 617 1990 esset.
634 1924 674 1990 In
691 1927 785 1992 cuius
801 1929 850 1992 rei
866 1927 1093 1995 testimonium
1116 1935 1284 2014 presentes
1306 1927 1379 1993 fieri
1403 1927 1543 2010 fecimus,

412 2052 532 2114 magno
549 2036 662 2099 nostro
679 2033 786 2117 sigillo
802 2035 954 2102 munitas.
970 2036 1093 2102 Dattm
1115 2037 1149 2102 iu
1165 2035 1299 2103 castello
1315 2057 1398 2102 nouo
1414 2034 1543 2121 Neapo-

413 2138 454 2204 lis
478 2139 598 2208 XVII.
615 2139 817 2226 Septembris
841 2142 1167 2214 MOOCOLXXVI.

1053 2253 1128 2320 Rex
1143 2253 1373 2320 Ferdinandus
1390 2275 1431 2319 ru.
1448 2277 1478 2340 p.

1023 2361 1130 2428 D·nus
1146 2359 1222 2428 Rex
1237 2362 1406 2429 mandavit
1421 2362 1502 2429 mihi

1058 2466 1236 2536 Autonello
1253 2471 1293 2536 de
1309 2470 1480 2556 Petrutijs.

521 2573 689 2658 Expedita
722 2575 854 2642 fuerunt
884 2576 950 2642 tria
981 2577 1162 2644 consimilia
1192 2578 1380 2663 privilegia:
1407 2601 1546 2662 quornm

414 2703 511 2746 unum
539 2681 603 2748 fnit
628 2684 662 2748 in
688 2706 828 2768 persona
853 2684 1023 2768 Magnifici
1039 2686 1114 2756 Viri
1129 2684 1269 2752 «loannis
1286 2687 1413 2753 comitis
1431 2685 1547 2753 Sancti

415 2789 541 2872 georgii
567 2795 601 2855 et
626 2792 777 2878 pazinng,
801 2791 941 2858 alterum
967 2793 1000 2858 in
1026 2815 1167 2878 persona
1190 2793 1334 2860 illustris
1366 2795 1428 2860 viri
1452 2795 1547 2861 Petri

415 2893 535 2981 Gerep,
559 2897 694 2964 tertium
720 2921 794 2966 vero
819 2901 994 2986 impersone
1020 2901 1114 2969 Petri
1134 2902 1260 2968 comitis
1277 2901 1392 2970 Sancti
1408 2899 1546 2986 Georgii

414 3010 448 3070 et
462 3005 612 3090 pazinng.
628 3007 669 3074 Iu
684 3009 791 3075 forma
807 3011 1029 3094 suprascripta
1046 3010 1105 3077 sub
1116 3008 1230 3077 eadem
1246 3009 1326 3076 data
1341 3010 1496 3078 videlicet
1513 3010 1546 3075 iu

415 3117 524 3178 castro
549 3137 633 3182 novo
660 3115 817 3202 Neapolis
841 3117 923 3184 VII.
947 3117 1104 3185 Januarii
1128 3139 1215 3186 anno
1240 3118 1363 3185 domini
1391 3121 1487 3184 1477.
1504 3153 1545 3168 -

415 3219 489 3287 Rex
505 3220 735 3292 Ferdinandns
751 3224 938 3314 (sajatkez.)

1025 3335 1133 3402 Duos
1149 3335 1222 3402 Rex
1238 3335 1407 3402 mandavit
1423 3337 1505 3403 mihi

1060 3439 1239 3510 Antonello
1255 3442 1297 3510 de
1313 3443 1482 3510 Petrutiis.

523 3604 644 3666 (Grande
657 3603 790 3656 Archivio
804 3606 948 3670 diNapoli.
956 3606 1056 3658 decio
1068 3607 1185 3657 Politice
1196 3609 1367 3660 cancellaria
1380 3609 1544 3673 Aragonese.

416 3691 536 3758 Registr.
550 3695 714 3762 Privilegior
726 3698 789 3750 Vol.
801 3699 862 3751 XV.
875 3698 957 3749 Anno
973 3703 1121 3752 lata-rr.
1135 3699 1202 3751 folio
1216 3700 1271 3762 81.)
