<?xml version="1.0" encoding="UTF-8"?>
<!DOCTYPE html PUBLIC "-//W3C//DTD XHTML 1.0 Transitional//EN"
    "http://www.w3.org/TR/xhtml1/DTD/xhtml1-transitional.dtd">
<html xmlns="http://www.w3.org/1999/xhtml" xml:lang="en" lang="en">
 <head>
  <title>
</title>
<meta http-equiv="Content-Type" content="text/html;charset=utf-8" />
  <meta name='ocr-system' content='tesseract 3.04.00' />
  <meta name='ocr-capabilities' content='ocr_page ocr_carea ocr_par ocr_line ocrx_word'/>
</head>
<body>
  <div class='ocr_page' id='page_1' title='image "./magyardiplomacz00mattgoog_0378.png"; bbox 0 0 3336 5252; ppageno 0'>
   <div class='ocr_carea' id='block_1_1' title="bbox 667 307 1273 393">
    <p class='ocr_par' dir='ltr' id='par_1_1' title="bbox 667 307 1273 393">
     <span class='ocr_line' id='line_1_1' title="bbox 667 307 1273 393; baseline 0.002 -22"><span class='ocrx_word' id='word_1_1' title='bbox 667 309 762 376; x_wconf 79' lang='grc'><strong>1411.</strong></span> <span class='ocrx_word' id='word_1_2' title='bbox 1106 355 1134 393; x_wconf 34' lang='grc'><strong>,.</strong></span> <span class='ocrx_word' id='word_1_3' title='bbox 1211 307 1273 372; x_wconf 84' lang='grc'><strong>141</strong></span> 
     </span>
    </p>
   </div>
   <div class='ocr_carea' id='block_1_2' title="bbox 137 483 1276 1116">
    <p class='ocr_par' dir='ltr' id='par_1_2' title="bbox 137 483 1276 1116">
     <span class='ocr_line' id='line_1_2' title="bbox 137 483 1275 569; baseline -0.003 -16"><span class='ocrx_word' id='word_1_4' title='bbox 137 486 320 553; x_wconf 84' lang='lat' dir='ltr'><strong>Sanctitati</strong></span> <span class='ocrx_word' id='word_1_5' title='bbox 335 491 504 568; x_wconf 75' lang='lat' dir='ltr'><strong>tamquam</strong></span> <span class='ocrx_word' id='word_1_6' title='bbox 529 483 722 552; x_wconf 81' lang='lat' dir='ltr'><strong>Catholicae</strong></span> <span class='ocrx_word' id='word_1_7' title='bbox 738 486 904 569; x_wconf 82' lang='lat' dir='ltr'>Princeps,</span> <span class='ocrx_word' id='word_1_8' title='bbox 931 491 967 550; x_wconf 91' lang='lat' dir='ltr'><strong>ut</strong></span> <span class='ocrx_word' id='word_1_9' title='bbox 992 507 1075 550; x_wconf 88' lang='lat' dir='ltr'><strong>unus</strong></span> <span class='ocrx_word' id='word_1_10' title='bbox 1092 505 1131 549; x_wconf 86' lang='lat' dir='ltr'><strong>ex</strong></span> <span class='ocrx_word' id='word_1_11' title='bbox 1148 485 1208 568; x_wconf 89' lang='lat' dir='ltr'><strong>his,</strong></span> <span class='ocrx_word' id='word_1_12' title='bbox 1233 485 1275 551; x_wconf 93' lang='lat' dir='ltr'><strong>ad</strong></span> 
     </span>
     <span class='ocr_line' id='line_1_3' title="bbox 137 593 1276 680; baseline -0.001 -19"><span class='ocrx_word' id='word_1_13' title='bbox 137 617 220 679; x_wconf 90' lang='lat' dir='ltr'><strong>quos</strong></span> <span class='ocrx_word' id='word_1_14' title='bbox 252 596 397 680; x_wconf 81' lang='lat' dir='ltr'><strong>pertinet</strong></span> <span class='ocrx_word' id='word_1_15' title='bbox 427 593 468 659; x_wconf 92' lang='lat' dir='ltr'><strong>de</strong></span> <span class='ocrx_word' id='word_1_16' title='bbox 499 595 584 661; x_wconf 91' lang='lat' dir='ltr'><strong>bono</strong></span> <span class='ocrx_word' id='word_1_17' title='bbox 610 594 873 662; x_wconf 79' lang='lat' dir='ltr'><strong>Christianitatis</strong></span> <span class='ocrx_word' id='word_1_18' title='bbox 898 595 1005 675; x_wconf 88' lang='lat' dir='ltr'><strong>letari,</strong></span> <span class='ocrx_word' id='word_1_19' title='bbox 1032 594 1210 675; x_wconf 80' lang='lat' dir='ltr'><strong>tristarive,</strong></span> <span class='ocrx_word' id='word_1_20' title='bbox 1235 594 1276 660; x_wconf 90' lang='lat' dir='ltr'><strong>de</strong></span> 
     </span>
     <span class='ocr_line' id='line_1_4' title="bbox 137 702 1275 790; baseline -0.002 -19"><span class='ocrx_word' id='word_1_21' title='bbox 137 706 237 787; x_wconf 91' lang='lat' dir='ltr'><strong>malo,</strong></span> <span class='ocrx_word' id='word_1_22' title='bbox 254 703 342 788; x_wconf 89' lang='lat' dir='ltr'><strong>quod</strong></span> <span class='ocrx_word' id='word_1_23' title='bbox 358 702 525 771; x_wconf 79' lang='lat' dir='ltr'><strong>Sanctitas</strong></span> <span class='ocrx_word' id='word_1_24' title='bbox 540 703 665 772; x_wconf 85' lang='lat' dir='ltr'><strong>Vestra</strong></span> <span class='ocrx_word' id='word_1_25' title='bbox 676 707 746 790; x_wconf 90' lang='lat' dir='ltr'><strong>jam</strong></span> <span class='ocrx_word' id='word_1_26' title='bbox 762 727 844 789; x_wconf 91' lang='lat' dir='ltr'><strong>pene</strong></span> <span class='ocrx_word' id='word_1_27' title='bbox 867 702 1017 769; x_wconf 81' lang='lat' dir='ltr'><strong>funditus</strong></span> <span class='ocrx_word' id='word_1_28' title='bbox 1034 704 1275 788; x_wconf 70' lang='lat' dir='ltr'><strong>periclitantem</strong></span> 
     </span>
     <span class='ocr_line' id='line_1_5' title="bbox 137 813 1276 898; baseline -0.004 -16"><span class='ocrx_word' id='word_1_29' title='bbox 137 815 332 898; x_wconf 83' lang='lat' dir='ltr'><strong>religionem</strong></span> <span class='ocrx_word' id='word_1_30' title='bbox 356 821 451 880; x_wconf 89' lang='lat' dir='ltr'><strong>tauta</strong></span> <span class='ocrx_word' id='word_1_31' title='bbox 476 835 548 879; x_wconf 86' lang='lat' dir='ltr'><strong>eum</strong></span> <span class='ocrx_word' id='word_1_32' title='bbox 573 814 745 898; x_wconf 88' lang='lat' dir='ltr'><strong>diligentia</strong></span> <span class='ocrx_word' id='word_1_33' title='bbox 772 813 940 880; x_wconf 86' lang='lat' dir='ltr'><strong>sublevare</strong></span> <span class='ocrx_word' id='word_1_34' title='bbox 956 819 989 879; x_wconf 91' lang='lat' dir='ltr'><strong>et</strong></span> <span class='ocrx_word' id='word_1_35' title='bbox 1004 817 1177 897; x_wconf 85' lang='lat' dir='ltr'><strong>protegere</strong></span> <span class='ocrx_word' id='word_1_36' title='bbox 1201 815 1276 878; x_wconf 88' lang='lat' dir='ltr'><strong>niti·</strong></span> 
     </span>
     <span class='ocr_line' id='line_1_6' title="bbox 137 919 1275 1008; baseline -0.001 -20"><span class='ocrx_word' id='word_1_37' title='bbox 137 930 203 1004; x_wconf 86' lang='grc'><strong>1111,</strong></span> <span class='ocrx_word' id='word_1_38' title='bbox 219 923 350 1006; x_wconf 83' lang='grc'><strong>1111111,</strong></span> <span class='ocrx_word' id='word_1_39' title='bbox 366 923 453 1008; x_wconf 93' lang='lat' dir='ltr'><strong>quod</strong></span> <span class='ocrx_word' id='word_1_40' title='bbox 470 923 498 987; x_wconf 90' lang='lat' dir='ltr'><strong>si</strong></span> <span class='ocrx_word' id='word_1_41' title='bbox 514 945 563 1002; x_wconf 90' lang='lat' dir='ltr'><strong>ea,</strong></span> <span class='ocrx_word' id='word_1_42' title='bbox 579 945 641 1006; x_wconf 89' lang='lat' dir='ltr'><strong>que</strong></span> <span class='ocrx_word' id='word_1_43' title='bbox 666 921 844 989; x_wconf 84' lang='lat' dir='ltr'><strong>infalauter</strong></span> <span class='ocrx_word' id='word_1_44' title='bbox 867 920 1020 1006; x_wconf 84' lang='lat' dir='ltr'><strong>affutura,</strong></span> <span class='ocrx_word' id='word_1_45' title='bbox 1037 919 1160 988; x_wconf 87' lang='lat' dir='ltr'><strong>Vestra</strong></span> <span class='ocrx_word' id='word_1_46' title='bbox 1176 920 1275 988; x_wconf 91' lang='lat' dir='ltr'><strong>Sauc-</strong></span> 
     </span>
     <span class='ocr_line' id='line_1_7' title="bbox 138 1029 1275 1116; baseline -0.003 -19"><span class='ocrx_word' id='word_1_47' title='bbox 138 1033 220 1098; x_wconf 86' lang='lat' dir='ltr'><strong>titas</strong></span> <span class='ocrx_word' id='word_1_48' title='bbox 236 1030 389 1114; x_wconf 76' lang='lat' dir='ltr'><strong>affirmat,</strong></span> <span class='ocrx_word' id='word_1_49' title='bbox 406 1031 495 1096; x_wconf 90' lang='lat' dir='ltr'><strong>brevi</strong></span> <span class='ocrx_word' id='word_1_50' title='bbox 512 1038 545 1097; x_wconf 93' lang='lat' dir='ltr'><strong>et</strong></span> <span class='ocrx_word' id='word_1_51' title='bbox 561 1037 745 1116; x_wconf 89' lang='lat' dir='ltr'><strong>opportuno</strong></span> <span class='ocrx_word' id='word_1_52' title='bbox 762 1037 910 1116; x_wconf 89' lang='lat' dir='ltr'><strong>tempore</strong></span> <span class='ocrx_word' id='word_1_53' title='bbox 935 1030 1077 1097; x_wconf 88' lang='lat' dir='ltr'><strong>aderunt</strong></span> <span class='ocrx_word' id='word_1_54' title='bbox 1092 1029 1275 1097; x_wconf 81' lang='lat' dir='ltr'><strong>Christiani</strong></span> 
     </span>
    </p>
   </div>
   <div class='ocr_carea' id='block_1_3' title="bbox 139 1138 1395 1230">
    <p class='ocr_par' dir='ltr' id='par_1_3' title="bbox 139 1138 1395 1230">
     <span class='ocr_line' id='line_1_8' title="bbox 139 1138 1395 1230; baseline -0.011 -19"><span class='ocrx_word' id='word_1_55' title='bbox 139 1141 265 1227; x_wconf 86' lang='lat' dir='ltr'><strong>populi,</strong></span> <span class='ocrx_word' id='word_1_56' title='bbox 282 1141 338 1227; x_wconf 94' lang='lat' dir='ltr'><strong>qui</strong></span> <span class='ocrx_word' id='word_1_57' title='bbox 354 1139 503 1226; x_wconf 90' lang='lat' dir='ltr'><strong>quotidie</strong></span> <span class='ocrx_word' id='word_1_58' title='bbox 519 1139 691 1207; x_wconf 80' lang='lat' dir='ltr'><strong>absorberi</strong></span> <span class='ocrx_word' id='word_1_59' title='bbox 711 1141 753 1206; x_wconf 91' lang='lat' dir='ltr'><strong>ab</strong></span> <span class='ocrx_word' id='word_1_60' title='bbox 770 1141 1007 1208; x_wconf 88' lang='lat' dir='ltr'><strong>immanissima</strong></span> <span class='ocrx_word' id='word_1_61' title='bbox 1031 1139 1141 1207; x_wconf 86' lang='lat' dir='ltr'><strong>bellua</strong></span> <span class='ocrx_word' id='word_1_62' title='bbox 1167 1138 1276 1206; x_wconf 83' lang='grc'><strong>111111-</strong></span> <span class='ocrx_word' id='word_1_63' title='bbox 1392 1223 1395 1230; x_wconf 15' lang='grc' dir='ltr'><strong><em>Δ</em></strong></span> 
     </span>
    </p>
   </div>
   <div class='ocr_carea' id='block_1_4' title="bbox 139 1248 1285 4599">
    <p class='ocr_par' dir='ltr' id='par_1_4' title="bbox 139 1248 1279 2857">
     <span class='ocr_line' id='line_1_9' title="bbox 140 1248 1277 1334; baseline -0.005 -18"><span class='ocrx_word' id='word_1_64' title='bbox 140 1251 232 1332; x_wconf 88' lang='lat' dir='ltr'><strong>dant,</strong></span> <span class='ocrx_word' id='word_1_65' title='bbox 249 1251 320 1316; x_wconf 88' lang='lat' dir='ltr'><strong>Deo</strong></span> <span class='ocrx_word' id='word_1_66' title='bbox 336 1250 514 1334; x_wconf 88' lang='lat' dir='ltr'><strong>adjuvante</strong></span> <span class='ocrx_word' id='word_1_67' title='bbox 538 1271 602 1315; x_wconf 91' lang='lat' dir='ltr'><strong>nou</strong></span> <span class='ocrx_word' id='word_1_68' title='bbox 628 1249 834 1315; x_wconf 84' lang='lat' dir='ltr'><strong>mediocriter</strong></span> <span class='ocrx_word' id='word_1_69' title='bbox 860 1249 1076 1333; x_wconf 80' lang='lat' dir='ltr'><strong>respirabunt,</strong></span> <span class='ocrx_word' id='word_1_70' title='bbox 1101 1249 1135 1313; x_wconf 94' lang='lat' dir='ltr'><strong>in</strong></span> <span class='ocrx_word' id='word_1_71' title='bbox 1159 1248 1277 1332; x_wconf 92' lang='lat' dir='ltr'><strong>quibus</strong></span> 
     </span>
     <span class='ocr_line' id='line_1_10' title="bbox 140 1355 1276 1428; baseline -0.002 -4"><span class='ocrx_word' id='word_1_72' title='bbox 140 1358 241 1424; x_wconf 91' lang='lat' dir='ltr'><strong>rebus</strong></span> <span class='ocrx_word' id='word_1_73' title='bbox 257 1361 285 1424; x_wconf 93' lang='lat' dir='ltr'><strong>si</strong></span> <span class='ocrx_word' id='word_1_74' title='bbox 301 1355 424 1428; x_wconf 87' lang='lat' dir='ltr'><strong>Vestra</strong></span> <span class='ocrx_word' id='word_1_75' title='bbox 441 1357 609 1425; x_wconf 80' lang='lat' dir='ltr'><strong>Sanctitas</strong></span> <span class='ocrx_word' id='word_1_76' title='bbox 635 1365 668 1423; x_wconf 89' lang='lat' dir='ltr'><strong>ct</strong></span> <span class='ocrx_word' id='word_1_77' title='bbox 690 1379 820 1424; x_wconf 87' lang='lat' dir='ltr'><strong>sacrum</strong></span> <span class='ocrx_word' id='word_1_78' title='bbox 836 1357 1194 1424; x_wconf 85' lang='lat' dir='ltr'><strong>Reverendissimorum</strong></span> <span class='ocrx_word' id='word_1_79' title='bbox 1209 1357 1276 1422; x_wconf 92' lang='lat' dir='ltr'><strong>Do·</strong></span> 
     </span>
     <span class='ocr_line' id='line_1_11' title="bbox 140 1465 1277 1552; baseline -0.005 -17"><span class='ocrx_word' id='word_1_80' title='bbox 140 1469 303 1535; x_wconf 87' lang='lat' dir='ltr'><strong>miuomm</strong></span> <span class='ocrx_word' id='word_1_81' title='bbox 328 1465 556 1534; x_wconf 89' lang='lat' dir='ltr'><strong>Cardinalium</strong></span> <span class='ocrx_word' id='word_1_82' title='bbox 587 1465 779 1552; x_wconf 78' lang='lat' dir='ltr'><strong>Collegium,</strong></span> <span class='ocrx_word' id='word_1_83' title='bbox 811 1465 1016 1551; x_wconf 88' lang='lat' dir='ltr'><strong>aliorumque</strong></span> <span class='ocrx_word' id='word_1_84' title='bbox 1047 1471 1277 1552; x_wconf 86' lang='lat' dir='ltr'><strong>potentatuum</strong></span> 
     </span>
     <span class='ocr_line' id='line_1_12' title="bbox 142 1573 1277 1660; baseline -0.004 -17"><span class='ocrx_word' id='word_1_85' title='bbox 142 1578 305 1644; x_wconf 83' lang='lat' dir='ltr'><strong>Oratores</strong></span> <span class='ocrx_word' id='word_1_86' title='bbox 322 1598 370 1657; x_wconf 90' lang='lat' dir='ltr'><strong>ea,</strong></span> <span class='ocrx_word' id='word_1_87' title='bbox 387 1597 449 1660; x_wconf 93' lang='lat' dir='ltr'><strong>que</strong></span> <span class='ocrx_word' id='word_1_88' title='bbox 466 1599 527 1660; x_wconf 80' lang='lat' dir='ltr'><strong>ego</strong></span> <span class='ocrx_word' id='word_1_89' title='bbox 544 1577 653 1660; x_wconf 89' lang='lat' dir='ltr'><strong>sepius</strong></span> <span class='ocrx_word' id='word_1_90' title='bbox 670 1583 703 1642; x_wconf 92' lang='lat' dir='ltr'><strong>et</strong></span> <span class='ocrx_word' id='word_1_91' title='bbox 719 1598 777 1660; x_wconf 91' lang='lat' dir='ltr'><strong>per</strong></span> <span class='ocrx_word' id='word_1_92' title='bbox 794 1574 955 1642; x_wconf 89' lang='lat' dir='ltr'><strong>Oratores</strong></span> <span class='ocrx_word' id='word_1_93' title='bbox 978 1581 1011 1640; x_wconf 88' lang='lat' dir='ltr'><strong>et</strong></span> <span class='ocrx_word' id='word_1_94' title='bbox 1035 1597 1094 1660; x_wconf 91' lang='lat' dir='ltr'><strong>per</strong></span> <span class='ocrx_word' id='word_1_95' title='bbox 1119 1573 1277 1641; x_wconf 90' lang='lat' dir='ltr'><strong>articulos</strong></span> 
     </span>
     <span class='ocr_line' id='line_1_13' title="bbox 141 1683 1276 1770; baseline -0.001 -20"><span class='ocrx_word' id='word_1_96' title='bbox 141 1685 228 1770; x_wconf 89' lang='lat' dir='ltr'><strong>dedi,</strong></span> <span class='ocrx_word' id='word_1_97' title='bbox 245 1685 533 1766; x_wconf 83' lang='lat' dir='ltr'><strong>consideraverint,</strong></span> <span class='ocrx_word' id='word_1_98' title='bbox 558 1689 647 1750; x_wconf 88' lang='lat' dir='ltr'><strong>certe</strong></span> <span class='ocrx_word' id='word_1_99' title='bbox 672 1684 837 1750; x_wconf 88' lang='lat' dir='ltr'><strong>invenient</strong></span> <span class='ocrx_word' id='word_1_100' title='bbox 862 1705 914 1750; x_wconf 90' lang='lat' dir='ltr'><strong>me</strong></span> <span class='ocrx_word' id='word_1_101' title='bbox 938 1706 1002 1750; x_wconf 91' lang='lat' dir='ltr'><strong>non</strong></span> <span class='ocrx_word' id='word_1_102' title='bbox 1019 1705 1138 1770; x_wconf 88' lang='lat' dir='ltr'><strong>parvas</strong></span> <span class='ocrx_word' id='word_1_103' title='bbox 1165 1683 1276 1751; x_wconf 88' lang='lat' dir='ltr'><strong>admo-</strong></span> 
     </span>
     <span class='ocr_line' id='line_1_14' title="bbox 142 1793 1277 1878; baseline -0.003 -17"><span class='ocrx_word' id='word_1_104' title='bbox 142 1795 222 1861; x_wconf 88' lang='lat' dir='ltr'><strong>dum</strong></span> <span class='ocrx_word' id='word_1_105' title='bbox 238 1815 292 1859; x_wconf 89' lang='lat' dir='ltr'><strong>res</strong></span> <span class='ocrx_word' id='word_1_106' title='bbox 308 1793 457 1876; x_wconf 86' lang='lat' dir='ltr'><strong>suasisse,</strong></span> <span class='ocrx_word' id='word_1_107' title='bbox 473 1814 636 1878; x_wconf 86' lang='lat' dir='ltr'><strong>superque</strong></span> <span class='ocrx_word' id='word_1_108' title='bbox 663 1794 745 1859; x_wconf 86' lang='lat' dir='ltr'><strong>vires</strong></span> <span class='ocrx_word' id='word_1_109' title='bbox 770 1815 859 1859; x_wconf 90' lang='lat' dir='ltr'><strong>meas</strong></span> <span class='ocrx_word' id='word_1_110' title='bbox 876 1793 1045 1874; x_wconf 86' lang='lat' dir='ltr'><strong>obtulisse,</strong></span> <span class='ocrx_word' id='word_1_111' title='bbox 1061 1798 1161 1877; x_wconf 87' lang='lat' dir='ltr'><strong>atque</strong></span> <span class='ocrx_word' id='word_1_112' title='bbox 1177 1793 1277 1858; x_wconf 90' lang='lat' dir='ltr'><strong>etiam</strong></span> 
     </span>
     <span class='ocr_line' id='line_1_15' title="bbox 139 1901 1277 1988; baseline -0.003 -19"><span class='ocrx_word' id='word_1_113' title='bbox 139 1904 211 1988; x_wconf 89' lang='lat' dir='ltr'><strong>jam</strong></span> <span class='ocrx_word' id='word_1_114' title='bbox 228 1923 293 1966; x_wconf 91' lang='lat' dir='ltr'><strong>non</strong></span> <span class='ocrx_word' id='word_1_115' title='bbox 310 1903 379 1967; x_wconf 88' lang='lat' dir='ltr'><strong>sine</strong></span> <span class='ocrx_word' id='word_1_116' title='bbox 395 1901 495 1966; x_wconf 89' lang='lat' dir='ltr'><strong>certis</strong></span> <span class='ocrx_word' id='word_1_117' title='bbox 511 1901 664 1985; x_wconf 91' lang='lat' dir='ltr'><strong>periculis</strong></span> <span class='ocrx_word' id='word_1_118' title='bbox 679 1907 774 1967; x_wconf 85' lang='lat' dir='ltr'><strong>tanto</strong></span> <span class='ocrx_word' id='word_1_119' title='bbox 790 1903 886 1983; x_wconf 90' lang='lat' dir='ltr'><strong>hosti,</strong></span> <span class='ocrx_word' id='word_1_120' title='bbox 897 1901 949 1966; x_wconf 89' lang='lat' dir='ltr'><strong>cui</strong></span> <span class='ocrx_word' id='word_1_121' title='bbox 966 1901 1050 1967; x_wconf 86' lang='lat' dir='ltr'><strong>vires</strong></span> <span class='ocrx_word' id='word_1_122' title='bbox 1066 1901 1277 1967; x_wconf 82' lang='grc'><strong>1111111111-</strong></span> 
     </span>
     <span class='ocr_line' id='line_1_16' title="bbox 142 2007 1279 2095; baseline -0.005 -16"><span class='ocrx_word' id='word_1_123' title='bbox 142 2033 198 2079; x_wconf 88' lang='lat' dir='ltr'><strong>res</strong></span> <span class='ocrx_word' id='word_1_124' title='bbox 214 2031 284 2077; x_wconf 85' lang='lat' dir='ltr'><strong>esse</strong></span> <span class='ocrx_word' id='word_1_125' title='bbox 300 2010 362 2078; x_wconf 88' lang='lat' dir='ltr'><strong>toti</strong></span> <span class='ocrx_word' id='word_1_126' title='bbox 379 2007 623 2076; x_wconf 86' lang='lat' dir='ltr'><strong>Christianitati</strong></span> <span class='ocrx_word' id='word_1_127' title='bbox 639 2010 799 2091; x_wconf 85' lang='lat' dir='ltr'><strong>rideatur,</strong></span> <span class='ocrx_word' id='word_1_128' title='bbox 814 2009 1004 2095; x_wconf 83' lang='lat' dir='ltr'><strong>objectasse.</strong></span> <span class='ocrx_word' id='word_1_129' title='bbox 1020 2009 1099 2076; x_wconf 84' lang='lat' dir='ltr'><strong>Feci</strong></span> <span class='ocrx_word' id='word_1_130' title='bbox 1115 2009 1279 2076; x_wconf 89' lang='lat' dir='ltr'><strong>nihilomi-</strong></span> 
     </span>
     <span class='ocr_line' id='line_1_17' title="bbox 142 2118 1277 2204; baseline -0.005 -17"><span class='ocrx_word' id='word_1_131' title='bbox 142 2143 205 2188; x_wconf 90' lang='lat' dir='ltr'><strong>nus</strong></span> <span class='ocrx_word' id='word_1_132' title='bbox 221 2119 281 2187; x_wconf 92' lang='lat' dir='ltr'><strong>hoc</strong></span> <span class='ocrx_word' id='word_1_133' title='bbox 296 2122 407 2186; x_wconf 87' lang='lat' dir='ltr'><strong>animo</strong></span> <span class='ocrx_word' id='word_1_134' title='bbox 423 2119 658 2185; x_wconf 79' lang='lat' dir='ltr'><strong>ferventissimo</strong></span> <span class='ocrx_word' id='word_1_135' title='bbox 686 2118 878 2204; x_wconf 84' lang='lat' dir='ltr'><strong>exponendo</strong></span> <span class='ocrx_word' id='word_1_136' title='bbox 904 2140 1005 2203; x_wconf 83' lang='lat' dir='ltr'><strong>regna</strong></span> <span class='ocrx_word' id='word_1_137' title='bbox 1021 2139 1101 2199; x_wconf 88' lang='lat' dir='ltr'><strong>mea,</strong></span> <span class='ocrx_word' id='word_1_138' title='bbox 1118 2118 1277 2200; x_wconf 86' lang='lat' dir='ltr'><strong>homines,</strong></span> 
     </span>
     <span class='ocr_line' id='line_1_18' title="bbox 142 2225 1279 2314; baseline -0.004 -19"><span class='ocrx_word' id='word_1_139' title='bbox 142 2231 231 2296; x_wconf 86' lang='lat' dir='ltr'><strong>vires</strong></span> <span class='ocrx_word' id='word_1_140' title='bbox 246 2236 279 2295; x_wconf 91' lang='lat' dir='ltr'><strong>et</strong></span> <span class='ocrx_word' id='word_1_141' title='bbox 294 2229 401 2314; x_wconf 90' lang='lat' dir='ltr'><strong>ipsam</strong></span> <span class='ocrx_word' id='word_1_142' title='bbox 426 2227 593 2312; x_wconf 88' lang='lat' dir='ltr'><strong>propriam</strong></span> <span class='ocrx_word' id='word_1_143' title='bbox 619 2249 793 2312; x_wconf 90' lang='lat' dir='ltr'><strong>personam</strong></span> <span class='ocrx_word' id='word_1_144' title='bbox 818 2247 878 2312; x_wconf 92' lang='lat' dir='ltr'><strong>pro</strong></span> <span class='ocrx_word' id='word_1_145' title='bbox 902 2225 966 2292; x_wconf 88' lang='lat' dir='ltr'><strong>fide</strong></span> <span class='ocrx_word' id='word_1_146' title='bbox 983 2225 1133 2293; x_wconf 87' lang='lat' dir='ltr'><strong>Catohca</strong></span> <span class='ocrx_word' id='word_1_147' title='bbox 1156 2233 1189 2293; x_wconf 92' lang='lat' dir='ltr'><strong>et</strong></span> <span class='ocrx_word' id='word_1_148' title='bbox 1205 2227 1279 2311; x_wconf 90' lang='lat' dir='ltr'><strong>ipsa</strong></span> 
     </span>
     <span class='ocr_line' id='line_1_19' title="bbox 142 2334 1279 2420; baseline -0.002 -17"><span class='ocrx_word' id='word_1_149' title='bbox 142 2335 341 2404; x_wconf 87' lang='lat' dir='ltr'><strong>Christiana</strong></span> <span class='ocrx_word' id='word_1_150' title='bbox 357 2335 540 2420; x_wconf 83' lang='lat' dir='ltr'><strong>Religione,</strong></span> <span class='ocrx_word' id='word_1_151' title='bbox 564 2355 663 2420; x_wconf 91' lang='lat' dir='ltr'><strong>quam</strong></span> <span class='ocrx_word' id='word_1_152' title='bbox 679 2336 728 2401; x_wconf 89' lang='lat' dir='ltr'><strong>ita</strong></span> <span class='ocrx_word' id='word_1_153' title='bbox 743 2335 777 2400; x_wconf 91' lang='lat' dir='ltr'><strong>in</strong></span> <span class='ocrx_word' id='word_1_154' title='bbox 793 2335 863 2400; x_wconf 90' lang='lat' dir='ltr'><strong>dies</strong></span> <span class='ocrx_word' id='word_1_155' title='bbox 878 2334 1076 2400; x_wconf 82' lang='lat' dir='ltr'><strong>labefactari</strong></span> <span class='ocrx_word' id='word_1_156' title='bbox 1100 2341 1135 2400; x_wconf 89' lang='grc'><strong>11</strong></span> <span class='ocrx_word' id='word_1_157' title='bbox 1152 2358 1172 2401; x_wconf 87' lang='grc'><strong>1</strong></span> <span class='ocrx_word' id='word_1_158' title='bbox 1188 2357 1279 2419; x_wconf 86' lang='lat' dir='ltr'><strong>spur·</strong></span> 
     </span>
     <span class='ocr_line' id='line_1_20' title="bbox 143 2443 1279 2528; baseline -0.003 -15"><span class='ocrx_word' id='word_1_159' title='bbox 143 2446 283 2513; x_wconf 88' lang='lat' dir='ltr'><strong>cissimis</strong></span> <span class='ocrx_word' id='word_1_160' title='bbox 294 2445 480 2512; x_wconf 90' lang='lat' dir='ltr'><strong>infidelibus</strong></span> <span class='ocrx_word' id='word_1_161' title='bbox 489 2443 695 2528; x_wconf 90' lang='lat' dir='ltr'><strong>pessumdari</strong></span> <span class='ocrx_word' id='word_1_162' title='bbox 705 2443 829 2528; x_wconf 90' lang='lat' dir='ltr'><strong>absque</strong></span> <span class='ocrx_word' id='word_1_163' title='bbox 839 2443 1032 2527; x_wconf 84' lang='lat' dir='ltr'><strong>gravissimo</strong></span> <span class='ocrx_word' id='word_1_164' title='bbox 1049 2443 1155 2510; x_wconf 88' lang='lat' dir='ltr'><strong>cordis</strong></span> <span class='ocrx_word' id='word_1_165' title='bbox 1166 2443 1279 2510; x_wconf 90' lang='lat' dir='ltr'><strong>dolore</strong></span> 
     </span>
     <span class='ocr_line' id='line_1_21' title="bbox 145 2551 1279 2638; baseline -0.002 -16"><span class='ocrx_word' id='word_1_166' title='bbox 145 2556 309 2622; x_wconf 87' lang='lat' dir='ltr'><strong>sustinere</strong></span> <span class='ocrx_word' id='word_1_167' title='bbox 324 2575 390 2620; x_wconf 92' lang='lat' dir='ltr'><strong>non</strong></span> <span class='ocrx_word' id='word_1_168' title='bbox 406 2553 509 2637; x_wconf 89' lang='lat' dir='ltr'><strong>potui,</strong></span> <span class='ocrx_word' id='word_1_169' title='bbox 524 2551 567 2619; x_wconf 92' lang='lat' dir='ltr'><strong>ad</strong></span> <span class='ocrx_word' id='word_1_170' title='bbox 583 2553 682 2637; x_wconf 93' lang='lat' dir='ltr'><strong>quod,</strong></span> <span class='ocrx_word' id='word_1_171' title='bbox 699 2553 782 2618; x_wconf 91' lang='lat' dir='ltr'><strong>sicut</strong></span> <span class='ocrx_word' id='word_1_172' title='bbox 797 2553 907 2618; x_wconf 91' lang='lat' dir='ltr'><strong>animo</strong></span> <span class='ocrx_word' id='word_1_173' title='bbox 924 2573 1051 2637; x_wconf 90' lang='lat' dir='ltr'><strong>semper</strong></span> <span class='ocrx_word' id='word_1_174' title='bbox 1076 2553 1124 2618; x_wconf 89' lang='lat' dir='ltr'><strong>fui</strong></span> <span class='ocrx_word' id='word_1_175' title='bbox 1149 2573 1279 2638; x_wconf 88' lang='lat' dir='ltr'><strong>promp-</strong></span> 
     </span>
     <span class='ocr_line' id='line_1_22' title="bbox 143 2659 1279 2746; baseline -0.003 -16"><span class='ocrx_word' id='word_1_176' title='bbox 143 2664 302 2742; x_wconf 88' lang='lat' dir='ltr'><strong>tissimus,</strong></span> <span class='ocrx_word' id='word_1_177' title='bbox 320 2663 368 2729; x_wconf 87' lang='lat' dir='ltr'><strong>ita</strong></span> <span class='ocrx_word' id='word_1_178' title='bbox 384 2667 417 2729; x_wconf 93' lang='lat' dir='ltr'><strong>et</strong></span> <span class='ocrx_word' id='word_1_179' title='bbox 432 2659 529 2727; x_wconf 88' lang='lat' dir='ltr'><strong>factis</strong></span> <span class='ocrx_word' id='word_1_180' title='bbox 539 2663 609 2746; x_wconf 88' lang='lat' dir='ltr'><strong>jam</strong></span> <span class='ocrx_word' id='word_1_181' title='bbox 634 2661 763 2745; x_wconf 87' lang='lat' dir='ltr'><strong>pridem</strong></span> <span class='ocrx_word' id='word_1_182' title='bbox 787 2683 839 2728; x_wconf 91' lang='lat' dir='ltr'><strong>me</strong></span> <span class='ocrx_word' id='word_1_183' title='bbox 863 2661 1094 2746; x_wconf 84' lang='lat' dir='ltr'><strong>exposuissem,</strong></span> <span class='ocrx_word' id='word_1_184' title='bbox 1109 2660 1174 2727; x_wconf 91' lang='lat' dir='ltr'><strong>nisi</strong></span> <span class='ocrx_word' id='word_1_185' title='bbox 1189 2681 1279 2728; x_wconf 89' lang='lat' dir='ltr'><strong>man·</strong></span> 
     </span>
     <span class='ocr_line' id='line_1_23' title="bbox 144 2770 886 2857; baseline -0.004 -18"><span class='ocrx_word' id='word_1_186' title='bbox 144 2772 234 2839; x_wconf 89' lang='lat' dir='ltr'><strong>datis</strong></span> <span class='ocrx_word' id='word_1_187' title='bbox 250 2771 440 2857; x_wconf 88' lang='lat' dir='ltr'><strong>apostolicis</strong></span> <span class='ocrx_word' id='word_1_188' title='bbox 457 2770 536 2838; x_wconf 88' lang='lat' dir='ltr'><strong>alibi</strong></span> <span class='ocrx_word' id='word_1_189' title='bbox 552 2771 685 2837; x_wconf 89' lang='lat' dir='ltr'><strong>fuissem</strong></span> <span class='ocrx_word' id='word_1_190' title='bbox 701 2777 886 2856; x_wconf 87' lang='lat' dir='ltr'><strong>occupatus.</strong></span> 
     </span>
    </p>

    <p class='ocr_par' dir='ltr' id='par_1_5' title="bbox 142 2877 1285 4599">
     <span class='ocr_line' id='line_1_24' title="bbox 256 2877 1280 2964; baseline 0.001 -19"><span class='ocrx_word' id='word_1_191' title='bbox 256 2877 363 2964; x_wconf 85' lang='lat' dir='ltr'><strong>Quam</strong></span> <span class='ocrx_word' id='word_1_192' title='bbox 379 2879 492 2946; x_wconf 90' lang='lat' dir='ltr'><strong>obrem</strong></span> <span class='ocrx_word' id='word_1_193' title='bbox 508 2901 589 2964; x_wconf 90' lang='lat' dir='ltr'><strong>opus</strong></span> <span class='ocrx_word' id='word_1_194' title='bbox 605 2903 670 2948; x_wconf 90' lang='lat' dir='ltr'><strong>non</strong></span> <span class='ocrx_word' id='word_1_195' title='bbox 686 2881 758 2963; x_wconf 85' lang='lat' dir='ltr'><strong>luit,</strong></span> <span class='ocrx_word' id='word_1_196' title='bbox 773 2885 811 2946; x_wconf 90' lang='lat' dir='ltr'><strong>ut</strong></span> <span class='ocrx_word' id='word_1_197' title='bbox 826 2881 949 2952; x_wconf 86' lang='lat' dir='ltr'><strong>Vestra</strong></span> <span class='ocrx_word' id='word_1_198' title='bbox 959 2879 1125 2948; x_wconf 86' lang='lat' dir='ltr'><strong>Sanctitas</strong></span> <span class='ocrx_word' id='word_1_199' title='bbox 1141 2901 1193 2947; x_wconf 92' lang='lat' dir='ltr'><strong>me</strong></span> <span class='ocrx_word' id='word_1_200' title='bbox 1209 2886 1280 2946; x_wconf 87' lang='lat' dir='ltr'><strong>tan·</strong></span> 
     </span>
     <span class='ocr_line' id='line_1_25' title="bbox 142 2975 1280 3074; baseline 0.002 -20"><span class='ocrx_word' id='word_1_201' title='bbox 142 2995 216 3055; x_wconf 89' lang='lat' dir='ltr'><strong>tum</strong></span> <span class='ocrx_word' id='word_1_202' title='bbox 231 2988 422 3055; x_wconf 87' lang='lat' dir='ltr'><strong>hortaretur</strong></span> <span class='ocrx_word' id='word_1_203' title='bbox 437 2989 733 3073; x_wconf 84' lang='lat' dir='ltr'><strong>obtestareturque,</strong></span> <span class='ocrx_word' id='word_1_204' title='bbox 749 3011 789 3054; x_wconf 89' lang='lat' dir='ltr'><strong>ne</strong></span> <span class='ocrx_word' id='word_1_205' title='bbox 805 3011 826 3054; x_wconf 90' lang='lat' dir='ltr'><strong>a</strong></span> <span class='ocrx_word' id='word_1_206' title='bbox 841 2993 938 3073; x_wconf 89' lang='lat' dir='ltr'><strong>cepto</strong></span> <span class='ocrx_word' id='word_1_207' title='bbox 954 2988 1122 3074; x_wconf 90' lang='lat' dir='ltr'><strong>proposito</strong></span> <span class='ocrx_word' id='word_1_208' title='bbox 1146 2975 1280 3056; x_wconf 83' lang='lat' dir='ltr'><strong>desiste·</strong></span> 
     </span>
     <span class='ocr_line' id='line_1_26' title="bbox 143 3095 1280 3183; baseline -0.001 -19"><span class='ocrx_word' id='word_1_209' title='bbox 143 3119 224 3182; x_wconf 91' lang='lat' dir='ltr'><strong>rem,</strong></span> <span class='ocrx_word' id='word_1_210' title='bbox 239 3101 467 3181; x_wconf 85' lang='lat' dir='ltr'><strong>tractatusque</strong></span> <span class='ocrx_word' id='word_1_211' title='bbox 483 3097 665 3163; x_wconf 72' lang='lat' dir='ltr'><strong>Turcorum</strong></span> <span class='ocrx_word' id='word_1_212' title='bbox 681 3097 889 3177; x_wconf 85' lang='lat' dir='ltr'><strong>declinarem,</strong></span> <span class='ocrx_word' id='word_1_213' title='bbox 909 3097 966 3183; x_wconf 93' lang='lat' dir='ltr'><strong>qui</strong></span> <span class='ocrx_word' id='word_1_214' title='bbox 981 3118 1032 3162; x_wconf 91' lang='lat' dir='ltr'><strong>me</strong></span> <span class='ocrx_word' id='word_1_215' title='bbox 1049 3097 1092 3164; x_wconf 91' lang='lat' dir='ltr'><strong>ad</strong></span> <span class='ocrx_word' id='word_1_216' title='bbox 1107 3095 1142 3162; x_wconf 94' lang='lat' dir='ltr'><strong>id</strong></span> <span class='ocrx_word' id='word_1_217' title='bbox 1157 3103 1280 3180; x_wconf 89' lang='lat' dir='ltr'><strong>natum,</strong></span> 
     </span>
     <span class='ocr_line' id='line_1_27' title="bbox 144 3203 1281 3292; baseline -0.002 -19"><span class='ocrx_word' id='word_1_218' title='bbox 144 3206 386 3292; x_wconf 88' lang='lat' dir='ltr'><strong>educatumque</strong></span> <span class='ocrx_word' id='word_1_219' title='bbox 410 3228 539 3290; x_wconf 89' lang='lat' dir='ltr'><strong>semper</strong></span> <span class='ocrx_word' id='word_1_220' title='bbox 563 3206 720 3287; x_wconf 86' lang='lat' dir='ltr'><strong>intellexi,</strong></span> <span class='ocrx_word' id='word_1_221' title='bbox 745 3212 782 3272; x_wconf 91' lang='lat' dir='ltr'><strong>ut</strong></span> <span class='ocrx_word' id='word_1_222' title='bbox 805 3203 955 3273; x_wconf 89' lang='lat' dir='ltr'><strong>hostibus</strong></span> <span class='ocrx_word' id='word_1_223' title='bbox 981 3205 1094 3274; x_wconf 88' lang='lat' dir='ltr'><strong>Sancti</strong></span> <span class='ocrx_word' id='word_1_224' title='bbox 1119 3205 1196 3271; x_wconf 89' lang='lat' dir='ltr'><strong>fidei</strong></span> <span class='ocrx_word' id='word_1_225' title='bbox 1220 3226 1281 3291; x_wconf 91' lang='lat' dir='ltr'><strong>pro</strong></span> 
     </span>
     <span class='ocr_line' id='line_1_28' title="bbox 144 3313 1281 3414; baseline -0.001 -31"><span class='ocrx_word' id='word_1_226' title='bbox 144 3337 221 3383; x_wconf 86' lang='lat' dir='ltr'><strong>mea</strong></span> <span class='ocrx_word' id='word_1_227' title='bbox 235 3315 321 3381; x_wconf 83' lang='lat' dir='ltr'><strong>virili</strong></span> <span class='ocrx_word' id='word_1_228' title='bbox 337 3317 533 3414; x_wconf 76' lang='lat' dir='ltr'><strong>resisterem.</strong></span> <span class='ocrx_word' id='word_1_229' title='bbox 558 3313 653 3381; x_wconf 88' lang='lat' dir='ltr'><strong>Nihil</strong></span> <span class='ocrx_word' id='word_1_230' title='bbox 678 3315 789 3400; x_wconf 89' lang='lat' dir='ltr'><strong>itaque</strong></span> <span class='ocrx_word' id='word_1_231' title='bbox 816 3315 907 3382; x_wconf 92' lang='lat' dir='ltr'><strong>dubii</strong></span> <span class='ocrx_word' id='word_1_232' title='bbox 933 3317 1075 3401; x_wconf 89' lang='lat' dir='ltr'><strong>cuipiam</strong></span> <span class='ocrx_word' id='word_1_233' title='bbox 1100 3317 1145 3382; x_wconf 90' lang='grc'><strong>111</strong></span> <span class='ocrx_word' id='word_1_234' title='bbox 1160 3315 1200 3382; x_wconf 89' lang='grc'><strong>(11</strong></span> <span class='ocrx_word' id='word_1_235' title='bbox 1215 3338 1281 3382; x_wconf 87' lang='grc'><strong>111</strong></span> 
     </span>
     <span class='ocr_line' id='line_1_29' title="bbox 144 3423 1282 3510; baseline 0 -20"><span class='ocrx_word' id='word_1_236' title='bbox 144 3425 328 3510; x_wconf 88' lang='lat' dir='ltr'><strong>proposito,</strong></span> <span class='ocrx_word' id='word_1_237' title='bbox 344 3423 433 3510; x_wconf 90' lang='lat' dir='ltr'><strong>quod</strong></span> <span class='ocrx_word' id='word_1_238' title='bbox 450 3423 492 3489; x_wconf 91' lang='lat' dir='ltr'><strong>ab</strong></span> <span class='ocrx_word' id='word_1_239' title='bbox 508 3424 584 3508; x_wconf 90' lang='lat' dir='ltr'><strong>ipsa</strong></span> <span class='ocrx_word' id='word_1_240' title='bbox 599 3429 713 3488; x_wconf 90' lang='lat' dir='ltr'><strong>tenera</strong></span> <span class='ocrx_word' id='word_1_241' title='bbox 729 3430 817 3490; x_wconf 89' lang='lat' dir='ltr'><strong>etate</strong></span> <span class='ocrx_word' id='word_1_242' title='bbox 841 3446 915 3491; x_wconf 92' lang='lat' dir='ltr'><strong>mea</strong></span> <span class='ocrx_word' id='word_1_243' title='bbox 939 3447 1065 3491; x_wconf 92' lang='lat' dir='ltr'><strong>mecum</strong></span> <span class='ocrx_word' id='word_1_244' title='bbox 1090 3425 1203 3508; x_wconf 87' lang='lat' dir='ltr'><strong>erevit,</strong></span> <span class='ocrx_word' id='word_1_245' title='bbox 1218 3447 1282 3490; x_wconf 91' lang='lat' dir='ltr'><strong>me·</strong></span> 
     </span>
     <span class='ocr_line' id='line_1_30' title="bbox 145 3527 1283 3618; baseline -0.001 -19"><span class='ocrx_word' id='word_1_246' title='bbox 145 3554 287 3617; x_wconf 90' lang='lat' dir='ltr'><strong>cumque</strong></span> <span class='ocrx_word' id='word_1_247' title='bbox 303 3533 339 3597; x_wconf 92' lang='lat' dir='ltr'><strong>in</strong></span> <span class='ocrx_word' id='word_1_248' title='bbox 356 3533 425 3600; x_wconf 90' lang='lat' dir='ltr'><strong>dies</strong></span> <span class='ocrx_word' id='word_1_249' title='bbox 441 3527 549 3618; x_wconf 85' lang='lat' dir='ltr'><strong>magis</strong></span> <span class='ocrx_word' id='word_1_250' title='bbox 565 3531 710 3598; x_wconf 86' lang='lat' dir='ltr'><strong>incaluit.</strong></span> <span class='ocrx_word' id='word_1_251' title='bbox 721 3531 848 3600; x_wconf 89' lang='lat' dir='ltr'><strong>Verum</strong></span> <span class='ocrx_word' id='word_1_252' title='bbox 864 3533 891 3598; x_wconf 91' lang='lat' dir='ltr'><strong>si</strong></span> <span class='ocrx_word' id='word_1_253' title='bbox 907 3534 993 3600; x_wconf 88' lang='lat' dir='ltr'><strong>vires</strong></span> <span class='ocrx_word' id='word_1_254' title='bbox 1009 3556 1088 3616; x_wconf 92' lang='lat' dir='ltr'><strong>mee,</strong></span> <span class='ocrx_word' id='word_1_255' title='bbox 1101 3554 1165 3617; x_wconf 92' lang='lat' dir='ltr'><strong>que</strong></span> <span class='ocrx_word' id='word_1_256' title='bbox 1181 3535 1283 3618; x_wconf 90' lang='lat' dir='ltr'><strong>impa-</strong></span> 
     </span>
     <span class='ocr_line' id='line_1_31' title="bbox 144 3641 1283 3728; baseline -0.002 -18"><span class='ocrx_word' id='word_1_257' title='bbox 144 3666 201 3710; x_wconf 88' lang='lat' dir='ltr'><strong>res</strong></span> <span class='ocrx_word' id='word_1_258' title='bbox 217 3647 313 3711; x_wconf 85' lang='grc'><strong>11111</strong></span> <span class='ocrx_word' id='word_1_259' title='bbox 338 3645 428 3712; x_wconf 89' lang='lat' dir='ltr'><strong>oneri</strong></span> <span class='ocrx_word' id='word_1_260' title='bbox 446 3641 621 3710; x_wconf 89' lang='lat' dir='ltr'><strong>admodum</strong></span> <span class='ocrx_word' id='word_1_261' title='bbox 638 3651 714 3710; x_wconf 90' lang='lat' dir='ltr'><strong>sunt</strong></span> <span class='ocrx_word' id='word_1_262' title='bbox 729 3651 882 3728; x_wconf 86' lang='lat' dir='ltr'><strong>superate</strong></span> <span class='ocrx_word' id='word_1_263' title='bbox 897 3645 939 3710; x_wconf 91' lang='lat' dir='ltr'><strong>ab</strong></span> <span class='ocrx_word' id='word_1_264' title='bbox 955 3645 1060 3727; x_wconf 89' lang='lat' dir='ltr'><strong>hoste,</strong></span> <span class='ocrx_word' id='word_1_265' title='bbox 1076 3643 1165 3727; x_wconf 89' lang='lat' dir='ltr'><strong>quod</strong></span> <span class='ocrx_word' id='word_1_266' title='bbox 1191 3642 1283 3710; x_wconf 90' lang='lat' dir='ltr'><strong>Deus</strong></span> 
     </span>
     <span class='ocr_line' id='line_1_32' title="bbox 147 3751 1282 3838; baseline -0.003 -19"><span class='ocrx_word' id='word_1_267' title='bbox 147 3757 288 3836; x_wconf 86' lang='lat' dir='ltr'><strong>avertet,</strong></span> <span class='ocrx_word' id='word_1_268' title='bbox 299 3751 431 3834; x_wconf 87' lang='lat' dir='ltr'><strong>fuerint,</strong></span> <span class='ocrx_word' id='word_1_269' title='bbox 445 3774 509 3818; x_wconf 94' lang='lat' dir='ltr'><strong>non</strong></span> <span class='ocrx_word' id='word_1_270' title='bbox 519 3759 698 3837; x_wconf 86' lang='lat' dir='ltr'><strong>propterea</strong></span> <span class='ocrx_word' id='word_1_271' title='bbox 707 3775 759 3818; x_wconf 90' lang='lat' dir='ltr'><strong>me</strong></span> <span class='ocrx_word' id='word_1_272' title='bbox 774 3754 975 3838; x_wconf 87' lang='lat' dir='ltr'><strong>aproposito</strong></span> <span class='ocrx_word' id='word_1_273' title='bbox 991 3753 1152 3820; x_wconf 90' lang='lat' dir='ltr'><strong>decidisse</strong></span> <span class='ocrx_word' id='word_1_274' title='bbox 1167 3754 1282 3818; x_wconf 88' lang='lat' dir='ltr'><strong>merito</strong></span> 
     </span>
     <span class='ocr_line' id='line_1_33' title="bbox 146 3859 1283 3948; baseline -0.001 -22"><span class='ocrx_word' id='word_1_275' title='bbox 146 3881 280 3945; x_wconf 82' lang='lat' dir='ltr'><strong>arguar,</strong></span> <span class='ocrx_word' id='word_1_276' title='bbox 295 3859 351 3927; x_wconf 91' lang='lat' dir='ltr'><strong>sed</strong></span> <span class='ocrx_word' id='word_1_277' title='bbox 368 3862 449 3944; x_wconf 89' lang='lat' dir='ltr'><strong>quia</strong></span> <span class='ocrx_word' id='word_1_278' title='bbox 465 3860 599 3948; x_wconf 90' lang='lat' dir='ltr'><strong>adjutus</strong></span> <span class='ocrx_word' id='word_1_279' title='bbox 616 3884 682 3928; x_wconf 91' lang='lat' dir='ltr'><strong>non</strong></span> <span class='ocrx_word' id='word_1_280' title='bbox 707 3861 833 3942; x_wconf 85' lang='lat' dir='ltr'><strong>luerim,</strong></span> <span class='ocrx_word' id='word_1_281' title='bbox 849 3863 968 3928; x_wconf 81' lang='lat' dir='ltr'><strong>veritas</strong></span> <span class='ocrx_word' id='word_1_282' title='bbox 992 3862 1065 3946; x_wconf 90' lang='lat' dir='ltr'><strong>ipsa</strong></span> <span class='ocrx_word' id='word_1_283' title='bbox 1088 3861 1283 3941; x_wconf 87' lang='lat' dir='ltr'><strong>testabitur;</strong></span> 
     </span>
     <span class='ocr_line' id='line_1_34' title="bbox 146 3963 1283 4054; baseline -0.002 -18"><span class='ocrx_word' id='word_1_284' title='bbox 146 3991 214 4054; x_wconf 91' lang='lat' dir='ltr'><strong>quo</strong></span> <span class='ocrx_word' id='word_1_285' title='bbox 231 3975 338 4036; x_wconf 86' lang='lat' dir='ltr'><strong>autem</strong></span> <span class='ocrx_word' id='word_1_286' title='bbox 355 3969 388 4034; x_wconf 91' lang='lat' dir='ltr'><strong>iu</strong></span> <span class='ocrx_word' id='word_1_287' title='bbox 405 3975 496 4036; x_wconf 87' lang='lat' dir='ltr'><strong>statu</strong></span> <span class='ocrx_word' id='word_1_288' title='bbox 512 3989 563 4034; x_wconf 90' lang='lat' dir='ltr'><strong>res</strong></span> <span class='ocrx_word' id='word_1_289' title='bbox 589 3990 659 4034; x_wconf 90' lang='lat' dir='ltr'><strong>mee</strong></span> <span class='ocrx_word' id='word_1_290' title='bbox 684 3990 757 4034; x_wconf 90' lang='lat' dir='ltr'><strong>cum</strong></span> <span class='ocrx_word' id='word_1_291' title='bbox 782 3963 863 4053; x_wconf 89' lang='lat' dir='ltr'><strong>ipsis</strong></span> <span class='ocrx_word' id='word_1_292' title='bbox 879 3969 1026 4052; x_wconf 89' lang='lat' dir='ltr'><strong>perfiidis</strong></span> <span class='ocrx_word' id='word_1_293' title='bbox 1043 3969 1162 4037; x_wconf 74' lang='lat' dir='ltr'><strong>&#39;furcis</strong></span> <span class='ocrx_word' id='word_1_294' title='bbox 1185 3969 1283 4034; x_wconf 92' lang='lat' dir='ltr'><strong>modo</strong></span> 
     </span>
     <span class='ocr_line' id='line_1_35' title="bbox 145 4075 1285 4162; baseline 0 -18"><span class='ocrx_word' id='word_1_295' title='bbox 145 4079 225 4160; x_wconf 87' lang='lat' dir='ltr'><strong>siut,</strong></span> <span class='ocrx_word' id='word_1_296' title='bbox 242 4076 397 4162; x_wconf 88' lang='lat' dir='ltr'><strong>qualesve</strong></span> <span class='ocrx_word' id='word_1_297' title='bbox 414 4082 576 4144; x_wconf 87' lang='lat' dir='ltr'><strong>tractatus</strong></span> <span class='ocrx_word' id='word_1_298' title='bbox 593 4075 741 4158; x_wconf 89' lang='lat' dir='ltr'><strong>habeam,</strong></span> <span class='ocrx_word' id='word_1_299' title='bbox 765 4078 961 4161; x_wconf 89' lang='lat' dir='ltr'><strong>quantisque</strong></span> <span class='ocrx_word' id='word_1_300' title='bbox 976 4078 1011 4142; x_wconf 92' lang='lat' dir='ltr'><strong>in</strong></span> <span class='ocrx_word' id='word_1_301' title='bbox 1027 4075 1197 4144; x_wconf 88' lang='lat' dir='ltr'><strong>laboribus</strong></span> <span class='ocrx_word' id='word_1_302' title='bbox 1214 4102 1285 4147; x_wconf 87' lang='lat' dir='ltr'><strong>ver·</strong></span> 
     </span>
     <span class='ocr_line' id='line_1_36' title="bbox 145 4185 1285 4271; baseline 0.002 -17"><span class='ocrx_word' id='word_1_303' title='bbox 145 4208 231 4268; x_wconf 87' lang='lat' dir='ltr'><strong>sem,</strong></span> <span class='ocrx_word' id='word_1_304' title='bbox 245 4185 458 4253; x_wconf 84' lang='lat' dir='ltr'><strong>Reverendus</strong></span> <span class='ocrx_word' id='word_1_305' title='bbox 483 4185 587 4252; x_wconf 87' lang='lat' dir='ltr'><strong>Pater</strong></span> <span class='ocrx_word' id='word_1_306' title='bbox 611 4185 745 4252; x_wconf 89' lang='lat' dir='ltr'><strong>Domini</strong></span> <span class='ocrx_word' id='word_1_307' title='bbox 770 4187 953 4271; x_wconf 80' lang='lat' dir='ltr'><strong>Episcopus</strong></span> <span class='ocrx_word' id='word_1_308' title='bbox 972 4185 1149 4269; x_wconf 82' lang='lat' dir='ltr'><strong>Agriensis</strong></span> <span class='ocrx_word' id='word_1_309' title='bbox 1165 4187 1285 4256; x_wconf 84' lang='lat' dir='ltr'><strong>Vestra</strong></span> 
     </span>
     <span class='ocr_line' id='line_1_37' title="bbox 145 4295 1285 4381; baseline 0.003 -18"><span class='ocrx_word' id='word_1_310' title='bbox 145 4295 345 4364; x_wconf 89' lang='lat' dir='ltr'><strong>Sanctitatis</strong></span> <span class='ocrx_word' id='word_1_311' title='bbox 362 4295 519 4379; x_wconf 83' lang='lat' dir='ltr'><strong>Legatus,</strong></span> <span class='ocrx_word' id='word_1_312' title='bbox 545 4295 602 4378; x_wconf 89' lang='lat' dir='ltr'><strong>qui</strong></span> <span class='ocrx_word' id='word_1_313' title='bbox 626 4295 736 4361; x_wconf 89' lang='lat' dir='ltr'><strong>omnia</strong></span> <span class='ocrx_word' id='word_1_314' title='bbox 761 4315 896 4379; x_wconf 90' lang='lat' dir='ltr'><strong>presens</strong></span> <span class='ocrx_word' id='word_1_315' title='bbox 920 4295 1020 4380; x_wconf 86' lang='lat' dir='ltr'><strong>videt,</strong></span> <span class='ocrx_word' id='word_1_316' title='bbox 1036 4295 1135 4366; x_wconf 88' lang='lat' dir='ltr'><strong>latius</strong></span> <span class='ocrx_word' id='word_1_317' title='bbox 1160 4300 1285 4381; x_wconf 90' lang='lat' dir='ltr'><strong>poterit</strong></span> 
     </span>
     <span class='ocr_line' id='line_1_38' title="bbox 145 4399 1285 4490; baseline 0.003 -20"><span class='ocrx_word' id='word_1_318' title='bbox 145 4402 346 4487; x_wconf 83' lang='lat' dir='ltr'><strong>significare.</strong></span> <span class='ocrx_word' id='word_1_319' title='bbox 364 4399 415 4469; x_wconf 88' lang='lat' dir='ltr'><strong>At</strong></span> <span class='ocrx_word' id='word_1_320' title='bbox 430 4425 530 4469; x_wconf 90' lang='lat' dir='ltr'><strong>unum</strong></span> <span class='ocrx_word' id='word_1_321' title='bbox 547 4423 607 4486; x_wconf 84' lang='lat' dir='ltr'><strong>ego</strong></span> <span class='ocrx_word' id='word_1_322' title='bbox 624 4401 770 4486; x_wconf 87' lang='lat' dir='ltr'><strong>dixerim,</strong></span> <span class='ocrx_word' id='word_1_323' title='bbox 781 4403 809 4468; x_wconf 92' lang='lat' dir='ltr'><strong>si</strong></span> <span class='ocrx_word' id='word_1_324' title='bbox 826 4403 891 4469; x_wconf 91' lang='lat' dir='ltr'><strong>cito</strong></span> <span class='ocrx_word' id='word_1_325' title='bbox 907 4402 1041 4488; x_wconf 88' lang='lat' dir='ltr'><strong>adjutus</strong></span> <span class='ocrx_word' id='word_1_326' title='bbox 1058 4401 1207 4490; x_wconf 84' lang='lat' dir='ltr'><strong>luero‚ut</strong></span> <span class='ocrx_word' id='word_1_327' title='bbox 1221 4405 1285 4474; x_wconf 91' lang='lat' dir='ltr'><strong>fide</strong></span> 
     </span>
     <span class='ocr_line' id='line_1_39' title="bbox 144 4511 1285 4599; baseline 0.002 -18"><span class='ocrx_word' id='word_1_328' title='bbox 144 4535 276 4599; x_wconf 82' lang='lat' dir='ltr'><strong>magna</strong></span> <span class='ocrx_word' id='word_1_329' title='bbox 292 4518 326 4580; x_wconf 85' lang='lat' dir='ltr'><strong>et</strong></span> <span class='ocrx_word' id='word_1_330' title='bbox 342 4535 398 4598; x_wconf 90' lang='lat' dir='ltr'><strong>spe</strong></span> <span class='ocrx_word' id='word_1_331' title='bbox 414 4513 449 4578; x_wconf 92' lang='lat' dir='ltr'><strong>in</strong></span> <span class='ocrx_word' id='word_1_332' title='bbox 459 4512 605 4579; x_wconf 89' lang='lat' dir='ltr'><strong>Domino</strong></span> <span class='ocrx_word' id='word_1_333' title='bbox 615 4511 689 4580; x_wconf 92' lang='lat' dir='ltr'><strong>Deo</strong></span> <span class='ocrx_word' id='word_1_334' title='bbox 704 4511 770 4579; x_wconf 89' lang='lat' dir='ltr'><strong>fixa</strong></span> <span class='ocrx_word' id='word_1_335' title='bbox 786 4519 891 4595; x_wconf 87' lang='lat' dir='ltr'><strong>teneo,</strong></span> <span class='ocrx_word' id='word_1_336' title='bbox 901 4511 1121 4581; x_wconf 88' lang='lat' dir='ltr'><strong>Sanctitatem</strong></span> <span class='ocrx_word' id='word_1_337' title='bbox 1131 4512 1285 4584; x_wconf 88' lang='lat' dir='ltr'><strong>Vestram</strong></span> 
     </span>
    </p>
   </div>
   <div class='ocr_carea' id='block_1_5' title="bbox 0 0 1683 5252">
    <p class='ocr_par' dir='ltr' id='par_1_6' title="bbox 0 0 1683 5252">
     <span class='ocr_line' id='line_1_40' title="bbox 0 0 1683 5252; baseline 0 0"><span class='ocrx_word' id='word_1_338' title='bbox 0 0 1683 5252; x_wconf 95' lang='lat' dir='ltr'><strong> </strong></span> 
     </span>
    </p>
   </div>
  </div>
 </body>
</html>
