3336 5258
697 421 702 426 .
753 372 986 424 uvenonaomar
1005 358 1171 420 sumansu.

932 740 1007 819 eos.

402 927 496 990 1479.
514 921 665 988 Cavitellr'
681 918 874 986 Jnsztiniuu
898 943 920 982 u
937 918 1078 982 mlldno'i
1095 918 1353 1004 fejedelnteknek
1379 918 1539 982 br'zalmaa

399 1031 571 1097 kiizle'seket
587 1041 647 1093 tesz
664 1027 769 1092 tontole
786 1028 854 1092 kozt
866 1051 886 1090 α
901 1030 994 1111 pdpa
1010 1027 1043 1091 e's
1060 1027 1161 1090 ne‘rnet
1178 1030 1309 1090 certamin·
1326 1025 1539 1110 izyatcv'aaira
1648 1067 1651 1078 ·

845 1135 1082 1221 vortatlcozo'luq.

507 1297 728 1364 Illustrissimi
745 1300 777 1360 et
793 1294 1070 1360 Excellentissimi
1087 1294 1231 1376 Domini,
1243 1293 1321 1359 D-ni
1337 1293 1540 1377 Singularis-

401 1408 482 1475 simi.
495 1406 727 1492 Quantumque
743 1405 774 1471 io
791 1405 841 1470 sia
856 1404 988 1470 lontano
1005 1405 1048 1469 da
1060 1402 1101 1468 V.
1114 1403 1329 1486 Excellentia,
1341 1403 1538 1468 nondimeno

400 1517 664 1583 continuamente
691 1535 748 1580 son
773 1513 930 1597 vigilante
956 1513 988 1578 ul
1012 1511 1075 1577 ben
1101 1519 1133 1578 et
1157 1511 1239 1578 utile
1263 1513 1317 1578 del
1334 1518 1423 1577 stato
1440 1511 1475 1576 di
1491 1513 1533 1580 V.

401 1623 564 1708 Signoria
580 1622 680 1690 Come
696 1645 772 1688 vero
788 1623 898 1688 sudito
922 1628 955 1687 et
981 1622 1138 1688 servitore
1164 1621 1198 1686 di
1214 1621 1316 1705 quelli
1335 1620 1538 1701 fidelissimo,
1650 1687 1651 1690 ,

401 1731 570 1816 equando
597 1731 710 1814 gionm
726 1729 780 1796 ala
796 1730 927 1796 Maesta
952 1729 1006 1796 del
1032 1729 1169 1812 Signore
1194 1729 1246 1794 Re
1270 1729 1343 1810 mio,
1360 1729 1406 1813 gli
1434 1731 1538 1810 narai,

401 1845 525 1927 quanto
550 1839 891 1906 humanissimamente
915 1839 959 1903 mi
984 1837 1106 1903 havera
1131 1836 1249 1903 veduto
1274 1836 1315 1904 V.
1332 1837 1539 1903 Excellentia

402 1956 436 2014 et
461 1948 611 2014 similiter
637 1947 704 2013 alla
729 1946 946 2014 serenissima
961 1947 1091 2031 Regina
1118 1954 1152 2012 et
1168 1947 1249 2012 hora
1265 1945 1414 2011 havendo
1431 1947 1538 2011 inteso

403 2079 475 2123 eum
508 2061 631 2139 quanto
665 2055 788 2122 honore
818 2056 1068 2141 ereputatione
1093 2053 1134 2124 V.
1160 2055 1364 2121 Excellentia
1395 2053 1538 2120 habiano

403 2165 594 2232 reaceettati
620 2165 644 2228 li
668 2163 889 2230 Illustrissimi
912 2162 1045 2248 Signori
1061 2161 1229 2230 Ludovioo
1256 2170 1290 2230 et
1314 2162 1462 2227 Robertu
1486 2160 1539 2226 alu

404 2274 576 2340 devotione
604 2277 723 2355 vostra,
749 2293 842 2338 como
867 2273 977 2357 quelli,
995 2273 1053 2338 ohe
1078 2273 1302 2338 meritamente
1325 2278 1357 2336 et
1374 2292 1448 2336 eum
1464 2291 1539 2334 vero
1650 2277 1651 2280 ’

403 2403 515 2448 amore
542 2379 670 2447 debano
695 2401 802 2446 essere
826 2380 928 2447 tutori
954 2385 986 2444 ot
1003 2381 1181 2464 protectori
1197 2379 1252 2444 del
1271 2378 1310 2446 V.
1328 2377 1433 2458 Statu,
1450 2395 1539 2442 come

405 2489 545 2556 servitor
561 2488 606 2553 mi
622 2487 766 2573 rallsgro
782 2493 815 2553 et
832 2487 930 2552 etiam
948 2486 1024 2565 Dio,
1039 2487 1098 2552 ohe
1113 2485 1155 2554 V.
1170 2486 1376 2552 Excellentia
1395 2483 1539 2550 habiano

404 2596 601 2664 incarcerati
631 2594 742 2680 quelli,
769 2595 827 2661 ohe
853 2595 1086 2662 maehiuasano
1111 2599 1227 2660 eontra
1246 2595 1276 2660 el
1293 2591 1430 2677 pacilioo
1455 2598 1540 2658 stato

405 2705 439 2772 di
456 2703 496 2772 V.
514 2701 678 2788 Signoria.
694 2703 724 2768 E
741 2703 868 2784 sabone,
893 2704 920 2768 si
945 2702 1138 2769 srioordano
1154 2703 1196 2772 V.
1213 2701 1419 2768 Exoellentia
1446 2699 1488 2766 de
1511 2700 1541 2765 le

406 2811 606 2878 Ambassate
632 2811 816 2877 amorevole
841 2815 873 2876 et
898 2812 1078 2894 caritativo,
1094 2813 1155 2877 ohe
1180 2813 1212 2877 io
1237 2813 1268 2876 vi
1284 2809 1353 2876 lece
1369 2833 1430 2895 per
1446 2815 1541 2894 parte

406 2921 462 2987 del
481 2919 545 2986 mio
562 2918 776 2985 Serenissimo
792 2919 843 2986 Re
869 2921 910 2986 de
926 2919 1111 3002 Hungaria,
1136 2925 1295 3004 potarono
1312 2916 1541 2986 1111661166-

405 3031 455 3094 tia
471 3028 648 3111 intendere,
664 3028 723 3093 ohe
739 3049 804 3094 non
821 3029 848 3092 si
863 3029 896 3093 vi
912 3028 1087 3094 consiliata
1105 3051 1140 3096 se
1158 3051 1221 3095 non
1237 3029 1261 3094 l’
1272 3027 1354 3094 utile
1371 3033 1404 3094 et
1420 3030 1543 3094 honore

292 3186 297 3197 .
407 3132 541 3217 Vostro,
558 3133 699 3200 maxime
715 3133 814 3218 piliar
831 3133 942 3217 quella
961 3134 1071 3202 debita
1097 3142 1204 3219 parte,
1219 3135 1280 3202 ohe
1295 3136 1463 3202 l'honesta
1479 3158 1496 3200 6
1512 3135 1544 3200 la
1649 3115 1651 3134 .

403 3243 537 3328 justitia
553 3242 654 3324 volea,
670 3243 740 3308 cios
756 3243 814 3308 ohe
830 3239 872 3311 V.
884 3242 1088 3309 Extollenda
1103 3264 1163 3326 per
1179 3245 1212 3309 la
1227 3265 1307 3328 paee
1323 3244 1437 3311 italica
1451 3244 1545 3311 have·

410 3372 487 3418 seno
504 3350 768 3418 consideratione
784 3373 805 3417 a
820 3372 885 3416 non
896 3351 983 3416 voler
1001 3351 1183 3418 consentire
1198 3351 1250 3418 ale
1260 3352 1343 3417 volie
1359 3353 1400 3418 de
1416 3351 1451 3417 la
1465 3350 1546 3418 San·

410 3460 475 3527 tita
500 3461 553 3527 del
579 3459 705 3526 Nostro
732 3458 871 3546 Signore
887 3461 991 3544 Papa,
1018 3482 1035 3525 6
1060 3460 1114 3526 del
1130 3459 1346 3527 Serenissimo
1362 3460 1414 3527 Re
1430 3459 1546 3527 Perdi·

407 3568 528 3650 nando,
545 3569 569 3634 li
587 3571 676 3653 quali
692 3590 757 3634 non
774 3589 832 3652 per
842 3575 955 3635 nostro
966 3569 1085 3652 studio,
1102 3591 1157 3635 ma
1167 3591 1227 3654 per
1237 3571 1432 3653 instigation
1445 3570 1479 3635 di
1489 3573 1546 3637 ohe

408 3678 584 3745 consiliaro
608 3677 649 3743 de
680 3677 885 3744 Excellentia
910 3675 952 3745 V.
978 3699 1078 3743 erano
1105 3677 1291 3761 ritrograde
1321 3679 1423 3744 emal
1446 3679 1548 3744 oonsi-

408 3786 501 3851 liate.
512 3785 608 3851 Hora
623 3784 772 3851 havendo
782 3783 856 3850 Idio
873 3807 932 3870 per
945 3807 1004 3852 sna
1019 3786 1192 3852 elementia
1207 3787 1373 3853 restituito
1389 3786 1413 3852 li
1424 3784 1545 3868 Vestri,

409 3893 473 3960 ohe
496 3915 562 3959 non
578 3893 609 3957 vi
624 3913 763 3977 possano
778 3893 965 3974 mauohsre,
981 3915 1046 3959 non
1063 3895 1166 3960 solum
1183 3893 1289 3976 oredo,
1306 3896 1366 3960 che
1383 3918 1404 3961 a
1420 3895 1462 3965 V.
1479 3917 1549 3980 pre·
1650 3963 1651 3966 ,

407 4003 498 4070 laeta
514 4002 721 4069 Excellentia
738 4003 788 4070 sia
804 4005 911 4089 gloria
927 4010 960 4071 et
976 4005 1155 4090 alegrezna,
1171 4028 1225 4071 ma
1241 4007 1388 4071 etiandiu
1405 4027 1425 4070 a
1442 4006 1549 4089 questi

410 4111 618 4181 Serenissimi
636 4109 769 4196 Signori
785 4111 836 4177 Re
862 4118 894 4178 et
911 4112 1041 4196 Regina
1067 4135 1085 4179 e
1110 4114 1235 4198 piaouti
1259 4113 1293 4180 la
1315 4112 1495 4198 prudentia
1511 4114 1550 4180 de

412 4220 454 4288 V.
470 4219 676 4286 Excellentia
692 4219 911 4286 rendendemo
926 4227 1027 4304 certo,
1043 4223 1102 4287 ohe
1118 4245 1138 4288 a
1155 4228 1272 4306 questa
1287 4222 1370 4289 hora
1380 4224 1420 4292 V.
1437 4223 1551 4288 Exoel·

411 4328 517 4394 lentis
535 4327 683 4394 havrauo
708 4350 806 4413 preso
830 4329 864 4394 la
880 4328 932 4394 via
956 4329 997 4395 do
1013 4316 1176 4413 la‘vorita,
1191 4353 1208 4396 6
1225 4353 1475 4416 cognoscerano,
1492 4330 1551 4399 ohe

408 4435 443 4501 la
469 4435 622 4504 Sanotita
648 4437 703 4503 del
728 4439 852 4506 Nostro
879 4437 1028 4524 Signore,
1054 4441 1121 4506 ela
1137 4439 1270 4506 Maesta
1297 4439 1352 4507 del
1368 4442 1420 4508 Re
1436 4440 1549 4507 Fordi-
1650 4483 1651 4492 ι

409 4542 516 4616 nando
532 4545 796 4635 paternalmente
822 4568 949 4634 ssmpre
974 4548 998 4618 li
1022 4547 1129 4619 hanno
1146 4551 1321 4619 consiliati.
1338 4555 1378 4620 Io
1394 4555 1451 4641 piu
1466 4553 1549 4620 volte
1649 4545 1651 4556 ⁴
