3356 5266
721 405 816 468 1469.
1266 404 1328 469 147

204 579 318 645 farore
336 581 487 646 assistere
503 579 633 664 debeat,
647 580 730 648 adeo
755 580 843 666 quod
867 601 1033 664 speramus
1057 601 1110 647 res
1126 579 1338 665 Magnificen-

171 693 180 706 ‘
204 690 327 754 ciarum
344 687 483 756 Suorum
500 691 662 772 optimum
680 696 713 755 et
730 696 879 774 optatum
895 688 990 755 finem
1006 711 1077 756 esse
1103 695 1342 756 consecuturas

204 797 254 863 Et
279 805 318 863 ut
343 819 455 864 eorum
479 797 730 881 Magnificencie
755 798 942 882 intelligant
967 805 1000 862 et
1026 805 1114 862 certe
1146 798 1220 878 sint,
1245 819 1345 882 quam

204 927 318 971 curam
343 906 382 971 de
408 905 652 972 conservatione
684 927 796 970 eorum
827 912 936 972 status
968 905 1157 989 habeamus,
1182 905 1342 972 mittimus

204 1014 295 1081 vobis
311 1014 362 1080 his
378 1014 537 1079 inclusum
554 1013 649 1078 breve
665 1035 765 1080 unum
781 1012 907 1081 Summi
918 1014 1085 1080 Pontificis
1095 1021 1204 1082 nostro
1220 1020 1340 1099 rogatu

205 1143 265 1207 per
290 1130 438 1189 nostrum
469 1131 632 1189 oratorem
665 1122 707 1188 ab
738 1124 827 1189 illius
859 1121 1042 1188 Sanctitate
1072 1130 1248 1208 optentum,
1273 1145 1338 1208 quo

205 1231 475 1315 Magnificencias
502 1230 585 1297 Suas
610 1253 786 1315 earumque
811 1252 863 1296 res
889 1231 993 1296 eidem
1018 1229 1230 1298 Serenissimo
1250 1230 1337 1316 Regi

204 1341 417 1424 commendat,
433 1346 471 1407 ut
487 1342 514 1406 si
530 1341 577 1406 eis
593 1342 640 1406 ita
656 1340 827 1412 videbitur,
854 1341 912 1408 illo
937 1341 986 1405 uti
1010 1341 1137 1424 possint
1152 1341 1196 1408 ad
1211 1361 1339 1426 compo·

212 1449 347 1534 mendas,
365 1449 589 1534 optandusque
604 1472 657 1516 res
674 1469 750 1515 suas
771 1471 844 1515 cum
860 1449 1038 1530 Majestate
1064 1449 1209 1533 ejusdem
1223 1449 1345 1533 Regis;

206 1558 297 1624 etde
313 1560 533 1643 responsione,
559 1580 657 1642 quam
682 1557 855 1638 habuistis,
881 1578 942 1623 nos
959 1557 1074 1622 vestris
1098 1557 1218 1624 litteris
1240 1581 1337 1644 quam

204 1667 354 1732 celeriter
369 1665 507 1733 reddere
522 1667 687 1733 certiores.

314 1795 359 1860 Et
384 1797 419 1859 in
443 1794 540 1860 simili
566 1793 690 1875 effectu,
716 1795 781 1859 sive
812 1793 918 1859 forma
948 1792 1183 1876 respondeatur
1213 1797 1336 1859 oratori

206 1901 244 1967 M
247 1902 377 1986 sgnifici
387 1901 523 1968 Comitis
539 1902 682 1967 Joannis
694 1900 800 1984 Vegle
816 1923 888 1966 cum
898 1901 964 1965 illis
974 1900 1210 1984 pertinentibus
1219 1901 1336 1981 verbis,

205 2033 270 2094 que
286 2011 422 2094 collegio
439 2008 641 2076 videbuntur.

310 2137 362 2203 De
377 2145 472 2222 parte
570 2177 614 2186 —
661 2142 713 2203 80.

315 2245 366 2310 De
382 2266 446 2310 non
576 2281 619 2291 -
666 2250 717 2311 20.

315 2350 392 2418 Non
409 2353 527 2418 sinceri
578 2387 622 2400 -
692 2357 719 2418 5.

314 2518 467 2578 (Veleuczei
481 2518 662 2580 allamkilnyv
676 2519 718 2566 64.
733 2518 762 2578 l.)

744 2934 796 2994 99.

203 3103 301 3166 1469.
317 3102 347 3163 A
364 3095 517 3162 ueleuczct’
532 3095 748 3158 ctlamtanccs
771 3093 932 3178 tuclclsitja
947 3095 1055 3158 romei
1070 3095 1200 3174 lc'o'vetct,
1214 3095 1296 3180 lwpy
1311 3117 1332 3158 α

200 3209 333 3276 tortkol·
357 3207 415 3272 οἱδὶ
450 3203 641 3270 lclcosciualc
675 3201 899 3266 clmenelsitltse
924 3202 1006 3267 altat
1030 3207 1167 3288 pusztdn
1197 3202 1333 3267 maradt

200 3316 323 3404 Segnia
348 3319 478 3380 reduced!
505 3311 662 3393 memmi,-
693 3335 731 3374 uz
757 3333 855 3396 mapa
875 3309 1020 3373 Velencze
1044 3309 1261 3396 feuhatdsdpc
1276 3309 1334 3373 alo

308 3423 425 3510 ajduld
441 3424 561 3508 math,
571 3421 610 3485 de
625 3441 795 3506 amapyar
811 3419 968 3503 hadserep
984 3429 1037 3482 azt
1052 3413 1220 3505 elfoplalct.

199 3578 545 3652 MOGOOLXVHII.
563 3580 614 3646 die
630 3579 774 3646 XXIII.
789 3578 995 3647 Novembris.

309 3709 370 3776 Ser
394 3709 572 3775 Francisco
596 3705 622 3772 J
625 3709 789 3773 ustiniano
820 3704 926 3786 militi,
943 3704 1077 3772 Oratori
1099 3711 1210 3771 nostro
1242 3704 1331 3789 apud

200 3820 368 3887 Summum
383 3816 588 3885 Pontificem.

305 3945 533 4025 Intelliximus,
563 3948 721 4026 quantum
762 3939 903 4006 scribitis
934 3937 1104 4005 Summum
1134 3937 1328 4004 Pontificem

199 4055 289 4122 vobis
305 4053 424 4120 dixisse
443 4054 483 4118 de
509 4054 638 4117 civitate
655 4049 770 4132 Segne,
796 4055 830 4114 et
855 4048 1010 4128 volumus,
1034 4053 1072 4112 ut
1097 4045 1201 4111 eidem
1217 4045 1328 4111 Beati·

198 4163 304 4229 tudini
319 4163 445 4247 gratias
461 4160 568 4243 agatis
598 4158 724 4223 nominc
741 4164 863 4240 nostro,
878 4178 937 4240 pro
954 4155 1043 4220 illius
1065 4155 1100 4218 in
1115 4176 1174 4220 nos
1190 4159 1328 4237 paterno

199 4272 317 4338 affectu
333 4276 366 4336 et
380 4267 594 4352 indulgentie,
610 4273 643 4332 et
658 4287 716 4349 pro
741 4266 830 4330 illius
856 4262 1101 4347 sapientissimis
1125 4263 1328 4329 memoratio·

200 4381 295 4448 nibus
328 4385 360 4445 et
390 4376 545 4462 consilijs,
572 4381 673 4457 utque
702 4373 894 4457 intelligatis
919 4371 1035 4437 seriem
1066 4370 1155 4436 illius
1184 4371 1241 4453 rei,
1273 4391 1329 4436 vos

199 4487 392 4568 advisamus,
409 4484 497 4570 quod
513 4485 675 4566 dissipata
691 4481 779 4547 sams
795 4481 953 4547 adventus
969 4478 1173 4548 'Iurchorum
1197 4479 1240 4544 ad
1256 4501 1329 4562 par·
1457 4483 1466 4511 '

200 4605 249 4665 tes
266 4598 348 4680 illas,
370 4597 533 4662 civitatem
559 4591 674 4674 Segne,
701 4613 796 4674 quam
823 4589 925 4656 incole
951 4609 1061 4655 omnes
1087 4589 1214 4673 penitus
1230 4587 1327 4654 ‹lesti-

1171 4694 1220 4748 ro*
