3340 5260
633 327 726 390 1470.
825 353 828 356 ·
931 339 935 352 ⁴
1186 325 1247 386 187

118 509 202 588 darn,
234 505 456 591 oprimendam
489 511 521 569 et
552 504 769 588 diripiendam
801 503 937 570 Italiam
962 508 994 569 et
1020 523 1148 569 omnem
1179 523 1249 568 rem

120 615 351 682 Christianam.
369 614 454 680 Erat
474 615 551 680 olim
576 615 821 697 potentissimus
846 619 879 677 et
904 612 1140 692 formidolosus
1166 635 1251 678 nnnc

117 731 227 790 autem
243 723 345 788 multo
363 723 527 806 potentior
553 728 586 787 et
610 721 851 787 formidolosior
869 723 941 804 erit,
959 722 1089 804 quando
1105 727 1195 788 terra
1217 725 1251 785 et

117 834 199 897 mari
217 833 326 898 onmia
341 832 404 897 sibi
420 831 580 916 spondere
598 837 629 894 et
641 835 819 913 penetrare,
830 851 1022 916 quocunque
1032 829 1134 894 libido
1150 831 1250 897 inces-

117 941 204 1022 serit,
227 947 344 1024 potest.
370 940 422 1005 Ea
448 940 533 1004 enim
561 939 804 1022 opportunitate
830 945 880 1004 cst
904 938 1013 1004 insula
1029 939 1100 1023 ipsa
1115 938 1251 1005 Euboea

116 1056 151 1114 nt
165 1050 425 1132 potentissimam
453 1047 619 1112 continere
646 1047 781 1114 classem
807 1053 840 1112 et
874 1047 1012 1112 educere
1037 1046 1250 1129 nauigarique

115 1181 175 1243 pro
191 1157 284 1223 libito
300 1159 417 1223 valeat.
442 1154 519 1220 Non
545 1155 660 1238 insula,
686 1177 751 1220 non
774 1162 899 1240 pertus,
925 1177 990 1220 non
1013 1160 1139 1221 tractus
1166 1155 1250 1220 ullus

115 1267 299 1332 maritimus
314 1271 406 1330 tutus
421 1264 562 1348 amplius
578 1285 598 1327 a
613 1265 665 1328 via
682 1271 714 1328 et
730 1266 850 1348 impetu
867 1265 937 1349 ejus
954 1285 1022 1329 esse
1039 1265 1169 1348 poterit,
1186 1285 1251 1328 me-

115 1373 287 1439 diteranea
303 1379 336 1438 et
351 1372 555 1458 penitissima
581 1392 717 1456 quoqne,
744 1379 781 1438 ut
806 1378 856 1440 est
881 1372 1080 1444 insatiabilis
1106 1379 1139 1438 et
1153 1371 1250 1436 alieni

115 1504 244 1566 semper
258 1489 425 1567 appetens,
441 1479 550 1548 bellua
566 1503 651 1546 nunc
672 1481 854 1564 spectabit3
878 1503 952 1548 mex
969 1488 1078 1546 autern
1104 1480 1250 1564 aggredi,

115 1611 287 1675 occupare,
303 1598 336 1656 et
351 1597 498 1655 evertere
517 1589 659 1654 audebit.

227 1701 298 1766 Nos
323 1706 433 1764 tamen
455 1699 587 1782 jactura
613 1700 686 1782 ista,
702 1699 807 1763 minus
824 1698 919 1763 lracti
936 1704 994 1762 aut
1011 1699 1119 1763 animo
1136 1698 1249 1783 dejecti

114 1829 237 1891 sumna,
254 1810 331 1891 quin
348 1808 456 1892 potius
473 1807 687 1872 maximorum
706 1807 923 1890 periculorum
948 1807 1107 1871 instantia
1132 1808 1251 1872 excita-

115 1918 226 1994 tiores,
262 1916 502 2000 erectioresque
533 1914 614 1980 laeti
640 1916 788 1980 auximus
820 1914 958 1979 classem
990 1921 1135 1980 nostram
1168 1922 1200 1980 et
1231 1935 1251 1979 a

113 2025 207 2090 novis
233 2031 267 2090 et
291 2023 488 2089 firmioribus
519 2023 686 2088 mittendis
716 2023 870 2107 presidiis
896 2045 961 2088 non
992 2021 1187 2108 desistimus,
1214 2031 1251 2088 ut

6 2117 29 2196 :'
113 2134 189 2197 loca
206 2140 330 2214 nostra,
346 2145 536 2214 ceterosque
554 2130 758 2198 Christianos
784 2131 932 2216 populea,
958 2153 1095 2216 quorum
1121 2133 1252 2198 cervici-

6 2223 8 2238 '
114 2241 175 2308 bus
193 2241 389 2306 furibundus
405 2240 508 2305 hostis
524 2240 679 2320 imminet,
690 2246 847 2305 tueamur.
858 2239 891 2304 N
893 2262 935 2305 on
948 2239 1130 2306 inficiamur
1142 2247 1250 2306 antem

115 2354 203 2417 vires
219 2357 349 2416 nostras
375 2350 517 2434 impares
543 2371 613 2414 esse
638 2354 730 2414 tanto
758 2351 854 2414 hosti.
879 2348 1017 2415 Jamdiu
1043 2370 1142 2433 snpra
1166 2352 1250 2416 vires

113 2461 259 2542 lecimus,
275 2461 519 2541 restitimusque
533 2460 603 2543 jam
619 2458 789 2542 septennio
807 2459 926 2542 elapso.
953 2457 1174 2524 Sustinuimus
1191 2459 1249 2524 im-

113 2575 227 2652 petum
250 2569 284 2632 in
301 2569 430 2633 ruinam
446 2566 709 2632 Christianitatis
734 2566 864 2632 factum.
890 2565 956 2632 Sed
980 2566 1160 2652 majoribus
1177 2568 1251 2632 viri·

112 2677 174 2742 bus
191 2697 273 2760 opus
290 2682 348 2756 est,
365 2673 630 2740 Christianorom
646 2674 830 2759 principum
841 2675 983 2740 omnium
998 2675 1144 2757 interest,
1159 2673 1251 2739 labo·

112 2787 203 2849 renti
220 2791 318 2867 atque
335 2783 417 2849 adeo
434 2781 560 2849 labanti
577 2783 754 2867 reipublice
765 2780 952 2848 Christiane
969 2782 1055 2849 ferre
1073 2784 1250 2868 suppetiae.

111 2891 191 2959 Non
210 2899 267 2974 est,
283 2914 339 2957 cur
356 2891 499 2976 amplius
515 2891 600 2956 alter
616 2891 756 2956 alterum
771 2897 962 2973 spectemus
978 2889 1054 2957 Non
1071 2897 1128 2973 est,
1145 2891 1251 2957 curde

111 3002 243 3086 privato
259 3007 293 3066 et
308 3000 415 3066 alieno
431 3001 635 3066 incommodo
661 2999 873 3083 disputemus
898 2998 1047 3065 Ineunda
1071 3005 1146 3064 sunt
1162 2998 1250 3064 sesti·

112 3117 193 3176 nato
211 3109 372 3175 salutaria
387 3109 534 3190 consilia,
551 3129 644 3172 arma
660 3108 875 3192 corripienda,
891 3107 979 3173 hosti
995 3108 1251 3172 insolentissimo

6 3233 15 3242 ·
110 3222 261 3284 maturat
286 3215 525 3283 occurendnma
552 3216 719 3283 celeritate
745 3225 778 3280 et
803 3216 890 3281 facto
917 3215 1083 3280 securitati
1110 3216 1250 3280 omniurn

110 3335 144 3392 et
159 3328 337 3411 presertim
352 3325 452 3391 Italic
467 3324 732 3409 prospiciendum
757 3330 813 3389 est.
840 3323 910 3389 Nec
926 3345 990 3388 non
1005 3324 1128 3388 idcirco
1146 3323 1249 3388 Celsi-

6 3439 10 3518 3.
110 3435 224 3501 tudini
240 3433 361 3502 Vestre
379 3435 557 3514 scribimus,
584 3434 662 3517 quia
686 3455 752 3499 non
777 3435 897 3517 optime
918 3433 983 3498 ista
1000 3439 1111 3502 tenere
1128 3453 1199 3496 eam
1216 3441 1248 3496 et

106 3547 177 3629 jam
194 3544 400 3628 prospexisse
419 3541 612 3624 dubitemus,
629 3542 687 3607 sed
704 3543 782 3626 quia
807 3543 840 3606 in
856 3542 970 3607 eadem
985 3543 1071 3623 navi,
1087 3548 1123 3606 nt
1139 3543 1243 3626 ajunt,

6 3707 8 3740 3
110 3651 218 3715 omnis
233 3649 335 3715 Italia
351 3657 384 3716 et
399 3650 502 3718 omnis
519 3648 752 3716 Christianitas
769 3659 839 3732 est;
864 3652 899 3715 in
924 3651 1037 3716 eodem
1053 3672 1163 3715 omnes
1181 3671 1250 3714 ver-

6 3773 8 3828 4
110 3781 223 3824 samur
239 3759 392 3842 pericu10,
409 3765 442 3824 et
458 3759 550 3825 nulla
565 3765 615 3824 est
632 3781 698 3840 ora,
716 3759 806 3824 nulla
830 3759 1007 3842 provincia,
1023 3758 1133 3823 nullus
1149 3757 1250 3823 Italic

6 3909 8 3960 2
109 3867 212 3947 locus,
246 3868 304 3948 qui
330 3873 362 3931 et
388 3869 415 3932 si
441 3867 661 3952 longimquior
692 3873 724 3931 et
755 3867 900 3932 abditior
931 3868 1048 3934 ceteris
1081 3875 1250 3952 appareat,

6 4021 8 4028 ν
108 3977 214 4041 tutior
246 3981 356 4040 tamen
382 3977 500 4041 ceteris
526 3977 630 4060 possit
656 3978 844 4042 existimari.
877 3975 988 4060 Serpit
1019 3977 1104 4041 enim
1126 3977 1250 4060 jugiter

6 4125 8 4172 ;
109 4084 223 4149 letalis
249 4082 310 4148 hec
335 4083 404 4148 lues
428 4089 461 4148 et
486 4085 680 4164 incendium,
705 4091 743 4149 ut
770 4085 859 4150 nulla
887 4084 1068 4150 Christiani
1103 4084 1246 4167 corporis

6 4185 8 4246 ἶ
109 4213 190 4276 pars
207 4193 259 4268 sit,
286 4211 386 4273 quam
411 4193 561 4258 celeriter
578 4215 642 4258 non
662 4201 798 4277 occepet
815 4200 848 4258 et
864 4193 998 4277 inliciat,
1014 4193 1075 4257 nisi
1092 4192 1245 4258 festinan-

109 4301 236 4365 tissime
252 4301 398 4366 remedia
415 4301 574 4367 salutaria
590 4302 815 4368 adhibeantur.

219 4405 368 4490 Cumque
385 4409 554 4492 sapientia,
571 4411 769 4475 auctoritate
785 4415 818 4474 et
833 4407 955 4474 viribus
980 4428 1040 4492 pro
1057 4404 1122 4474 Dei
1138 4406 1249 4489 benig-

6 4521 8 4528 ”
109 4517 215 4581 nitate
240 4513 417 4604 plurimum
443 4518 475 4585 in
500 4517 601 4583 Italia
626 4517 789 4605 polleatis,
814 4517 973 4600 pietatem
997 4522 1030 4580 ct
1058 4515 1249 4604 religionem
