3356 5266
386 372 429 437 78
745 387 980 434 creoounczrnr
997 375 1165 439 nnnrrnr.

490 501 719 613 Illustrissimo
735 545 882 631 Principi
897 569 937 612 ac
951 546 1238 613 Excellentissimo
1262 543 1304 610 D.
1320 542 1363 612 D.
1390 540 1517 610 Galenz

385 651 491 722 Morio
508 652 629 720 Ssortie
644 652 850 736 Vicecomiti,
867 653 954 720 Duci
971 654 1151 720 Mediolani
1168 660 1228 718 etc.

494 817 621 878 (Milontri
634 817 808 882 ellam-ltir).

927 1235 978 1296 47.

389 1415 486 1479 1468.
503 1409 673 1478 Gerardos
688 1413 727 1478 de
744 1412 845 1478 cottio
860 1413 1016 1493 kivetrcgi
1024 1413 1175 1496 jclcnt6ec
1199 1437 1220 1476 a
1237 1413 1377 1478 οιὶἰάοόὶ
1393 1415 1517 1478 advar-

389 1524 456 1602 lwz,
471 1523 609 1610 melybeo
625 1547 646 1587 a
663 1523 907 1608 mapparttiro'k
923 1522 1081 1586 berehorn
1107 1522 1326 1608 virzonyairdl
1354 1522 1517 1588 Ιοότίὶῖοιέ-

785 1654 860 1716 nyeo
876 1632 1050 1696 ῖοᾶόεῖῖάεῖ
1066 1641 1134 1694 terz.

500 1826 726 1892 Illustrissimo
743 1825 864 1910 Signor
880 1828 944 1892 mio
962 1825 1240 1912 singularissimo.

500 1933 558 2000 Ali
576 1933 715 2002 XXVI.
731 1935 770 2000 de
786 1940 902 2019 questo
919 1934 961 2000 ho
978 1943 1109 2001 receuto
1125 1957 1191 2001 une
1218 1934 1257 2001 de
1274 1933 1400 2002 Vostrn
1417 1933 1519 2000 Celsi-

395 2043 507 2108 tudine
532 2043 573 2108 de
598 2042 743 2112 XXIII.
768 2044 965 2124 continente,
989 2066 1080 2109 como
1112 2043 1346 2126 Bergamnochi
1371 2043 1519 2108 havendo

394 2153 508 2234 intere,
526 2153 583 2216 che
594 2153 719 2218 Vostra
735 2152 939 2218 Excellentia
956 2152 1065 2217 volere
1081 2154 1189 2217 venire
1207 2173 1299 2216 verso
1315 2149 1424 2232 Addo,
1442 2171 1519 2216 sono

393 2260 490 2344 iugiti
508 2267 542 2326 et
558 2260 683 2326 reducti
699 2261 745 2325 nli
761 2259 874 2344 luoghi
889 2260 967 2325 forti
983 2282 1041 2343 per
1058 2281 1184 2343 pogure
1200 2265 1260 2326 etc.
1286 2259 1338 2323 La
1363 2259 1444 2342 qual
1467 2259 1521 2322 lit

393 2375 465 2433 tera
480 2368 520 2432 he
537 2371 747 2452 sottoscriptn
764 2369 803 2433 de
819 2374 930 2436 vostra
945 2390 1042 2434 mano
1059 2369 1199 2454 proprio,
1212 2369 1248 2454 jo
1263 2373 1380 2450 questo
1395 2367 1520 2432 matina

394 2475 427 2541 lo
452 2476 538 2540 locta
564 2474 617 2540 nel
634 2472 769 2557 Oolegio
794 2475 848 2540 ala
872 2475 1037 2560 presentia
1054 2473 1095 2538 de
1111 2475 1144 2542 1ο
1160 2473 1322 2556 Signorin,
1337 2475 1371 2538 la
1387 2473 1464 2558 qual
1481 2471 1521 2537 he

395 2590 485 2648 stota
499 2583 594 2650 udita
608 2588 641 2648 et
657 2584 763 2648 intesa
778 2582 879 2650 molto
903 2583 1071 2649 volontieri
1088 2590 1120 2648 et
1136 2601 1195 2648 con
1220 2582 1308 2648 bone
1324 2582 1519 2670 {attentione

394 2693 441 2758 Et
464 2715 515 2757 me
541 2691 658 2776 risposi
683 2691 715 2754 lo
740 2689 902 2776 Principe,
930 2690 988 2756 che
1005 2692 1252 2774 rengretiaveno
1269 2689 1390 2756 Vostre
1407 2689 1522 2755 Excel-

394 2799 495 2866 lentie
510 2799 758 2883 infinitamente,
773 2798 832 2863 che
847 2800 965 2868 harene
981 2806 1098 2883 questa
1114 2799 1201 2864 bona
1216 2799 1350 2864 volunta
1365 2806 1399 2864 ct
1416 2799 1522 2881 dispo-

397 2909 514 2973 sitione
529 2927 623 2972 verso
640 2907 720 2988 loro,
736 2928 754 2972 e
769 2907 802 2972 lo
828 2911 916 2974 stato
932 2928 1009 2988 suo;
1025 2913 1058 2971 et
1074 2907 1133 2972 che
1149 2907 1220 2973 loro
1238 2928 1316 2972 sono
1341 2906 1381 2971 de
1408 2906 1443 2971 la
1457 2927 1521 2970 me-

397 3015 522 3082 desima
537 3015 670 3082 volunta
686 3014 727 3082 de
744 3015 852 3081 volere
867 3011 949 3081 bene
965 3014 1109 3082 vicinaro
1126 3021 1160 3081 et
1174 3017 1292 3082 havere
1309 3014 1430 3083 Vostre
1449 3013 1524 3080 Oel-

395 3123 536 3190 situdine
562 3125 728 3208 perbono
754 3130 787 3190 οῖ
812 3124 1005 3190 honorevole
1030 3122 1157 3208 frateio,
1187 3145 1279 3190 como
1305 3145 1369 3190 ano
1395 3143 1521 3206 sempre

397 3233 497 3300 hauto
522 3231 674 3298 infelice
699 3232 920 3298 memorinde
946 3231 978 3296 lo
1004 3229 1234 3298 Illustrissimo
1260 3231 1388 3316 Signor,
1414 3237 1522 3297 vostro

397 3347 500 3425 petre,
513 3341 548 3423 jo
564 3340 589 3405 li
604 3339 696 3407 offeri
711 3339 824 3406 lnearli
841 3339 931 3406 dicta
946 3339 1057 3406 littera
1073 3361 1130 3424 per
1154 3342 1258 3406 mnior
1283 3340 1353 3405 loro
1380 3341 1523 3405 oiourezo

398 3455 460 3514 etc.
476 3471 527 3516 me
542 3449 661 3533 risposi
676 3446 708 3512 lo
726 3449 886 3533 Principe,
903 3447 962 3514 che
979 3469 1043 3512 non
1059 3449 1238 3532 bisognova
1261 3469 1350 3532 pero,
1375 3447 1433 3514 che
1459 3469 1525 3513 cre-

398 3555 523 3622 devano
539 3564 734 3636 veramente,
751 3557 809 3624 che
826 3555 947 3624 νοεῖτε
962 3556 1165 3623 Excellentie
1189 3555 1386 3640 observatio,
1401 3563 1526 3642 quanto

399 3665 505 3732 haren
519 3667 653 3750 scripto.

506 3771 545 3838 Ιο
561 3773 660 3840 laudo
676 3781 709 3839 et
725 3773 881 3839 comendo
905 3781 1138 3839 summamcnte
1163 3781 1279 3858 questo
1305 3777 1445 3844 scrivere
1471 3775 1529 3842 hu·

400 3899 506 3962 mano,
517 3881 575 3946 che
586 3880 620 3947 io
629 3881 661 3946 al
671 3888 824 3966 presente
834 3879 958 3950 Vostre
969 3883 1172 3950 Excellentie
1182 3905 1240 3966 per
1250 3883 1302 3949 iar
1312 3892 1401 3951 certo
1413 3892 1529 3967 queste

400 3987 555 4073 Signoria
580 3988 619 4053 de
644 3990 754 4073 quello
780 3990 820 4055 he
846 3990 879 4057 la
904 3991 1016 4073 verite,
1043 3994 1113 4058 oioe
1138 3994 1196 4058 che
1212 3993 1245 4060 lo
1261 3982 1391 4078 prefata
1404 3993 1529 4061 νοεῖτε

400 4095 554 4180 Signorie
570 4119 634 4162 non
651 4098 723 4165 sora
739 4121 813 4183 moy
831 4100 951 4182 nonita,
969 4122 1033 4165 non
1050 4097 1292 4188 essendojoseeo
1318 4107 1359 4174 et,
1375 4101 1531 4183 l’aoesito,

398 4225 477 4288 pero
502 4207 560 4272 che
586 4227 665 4272 sono
691 4208 805 4272 intrati
831 4208 864 4272 in
889 4213 983 4273 tanto
1009 4217 1160 4293 suspecto
1185 4211 1226 4276 de
1243 4231 1370 4294 guerra,
1386 4211 1445 4275 che
1463 4233 1529 4275 non

400 4333 490 4396 sano,
506 4313 564 4379 che
581 4315 608 4379 si
624 4315 703 4394 fare,
719 4316 789 4382 loro
805 4315 849 4380 da
865 4338 929 4382 uno
947 4322 1043 4381 canto
1067 4317 1234 4400 spendono
1261 4320 1328 4384 mal
1357 4319 1532 4384 voluntieri

402 4429 434 4486 et
458 4422 581 4487 anchor
608 4445 671 4487 non
687 4445 766 4488 sono
781 4427 877 4507 tropo
902 4425 984 4492 bene
1002 4425 1052 4489 sul
1068 4426 1193 4506 dinero,
1218 4428 1333 4492 ohomo
1358 4447 1457 4492 erano
1485 4427 1532 4491 nli

402 4530 504 4613 tempi
518 4531 651 4612 passati,
663 4531 697 4595 in
713 4553 847 4597 comune
864 4553 909 4614 so,
919 4533 970 4597 chi
986 4555 1051 4598 non
1067 4555 1152 4599 anno
1164 4555 1228 4600 nno
1244 4534 1440 4616 marchetto,
1458 4536 1533 4600 enci
