3336 5258
675 754 750 816 294.

144 915 244 980 1480.
269 913 300 979 A
326 915 478 979 ucleaczei
509 913 728 979 ‹illamtccdca
762 915 956 1002 Veqlaaziqct
986 917 1081 982 miott
1111 917 1280 984 laboraret

143 1026 292 1102 tac-tuda,
308 1024 415 1090 Jduoa
427 1022 576 1109 profoalc
592 1023 641 1086 c'oi
648 1022 833 1105 jar-adalae,
849 1024 1038 1110 leduydaalc
1062 1026 1280 1092 lcibdzasitctat

462 1133 495 1196 e'a
510 1131 644 1215 acjc'aelc
659 1135 688 1196 ic
704 1137 823 1198 tcirtdat
839 1134 958 1198 candel.

144 1286 456 1358 MOOOOLXXX.
473 1291 525 1357 die
543 1291 628 1358 XX.
644 1292 831 1378 Februarij.
947 1323 948 1330 ¹

147 1398 210 1465 Ser
226 1397 369 1465 Thomas
390 1399 563 1467 Trivisano
679 1399 835 1486 Quamvis
873 1403 908 1468 iu
942 1404 1050 1469 insula
1084 1402 1190 1488 chle
1226 1405 1281 1490 jus

257 1505 473 1574 Conciliarius
633 1509 736 1574 nostri
751 1509 896 1595 Dominij
924 1511 1161 1597 amplissimum
1186 1514 1228 1578 sit
1247 1519 1282 1579 et

146 1617 319 1682 reductum
346 1601 635 1684 ad'ie‘tristfrsima
663 1617 837 1704 principia,
862 1626 895 1684 11
910 1618 1132 1705 fundamenta,
1157 1619 1283 1686 nullam

146 1727 380 1810 propemodum
411 1726 550 1810 recipiat
579 1727 885 1810 contradictionem,
915 1729 978 1794 nisi
1019 1751 1103 1794 nunc
1133 1728 1219 1795 forto
1250 1736 1284 1795 et

148 1837 313 1901 excessivo
329 1835 491 1920 pacientie
516 1841 549 1900 et
574 1835 834 1902 mansuetudinis
857 1841 979 1919 nostre,
1003 1836 1210 1903 considerato
1234 1843 1284 1903 ta-

147 1963 224 2009 men
249 1943 444 2026 discrimine,
469 1945 504 2009 in
530 1942 618 2027 quod
643 1965 702 2010 nos
726 1945 855 2012 induxit
878 1946 1073 2029 improbitas
1104 1952 1137 2012 et
1161 1945 1283 2011 malum

148 2053 294 2136 regimen
320 2052 458 2120 Comitis
475 2050 625 2136 Joannis,
650 2061 708 2120 aut
724 2055 888 2120 amitende
913 2055 1017 2120 insule
1043 2055 1198 2139 predicte,
1226 2060 1284 2120 aut

150 2161 224 2227 duri
240 2167 274 2226 et
292 2159 437 2226 difficilis
463 2183 534 2227 cum
559 2161 651 2246 Rege
668 2159 841 2246 Hungarie
866 2161 953 2244 belli,
969 2161 1185 2246 pretereunde
1211 2168 1285 2228 sunt

151 2269 394 2354 disputationes
412 2269 546 2336 subtiles
573 2277 606 2336 ot
632 2271 781 2354 cavilose,
799 2275 831 2335 ct
847 2269 1078 2336 consulendum
1094 2277 1143 2335 est
1166 2269 1285 2335 securi·

150 2379 212 2445 tati
236 2385 340 2446 status
355 2379 460 2444 nostri
477 2401 550 2444 oum
566 2386 680 2445 exacta
697 2379 922 2445 sasisfactione
944 2377 1083 2462 justicie,
1101 2400 1162 2462 qne
1188 2377 1285 2462 longe

150 2489 257 2574 magis
288 2488 439 2555 hortatur
469 2511 528 2574 pro
560 2493 744 2555 tutamento
776 2493 883 2554 status
915 2489 1019 2552 nostri
1049 2485 1286 2572 prospiciendo,

149 2595 442 2679 tranquilitateque
458 2617 636 2682 pauperum
662 2597 867 2663 subditorum
892 2596 997 2661 insule
1023 2596 1177 2680 predicte,
1193 2619 1214 2662 a
1229 2616 1285 2660 no·

151 2705 203 2769 bis
219 2703 358 2770 salutem
383 2706 583 2788 sperantium
610 2712 643 2771 et
667 2704 889 2790 flagitantium
915 2726 1016 2788 suam,
1032 2725 1130 2788 quam
1147 2704 1287 2770 avaricie

152 2819 187 2878 et
202 2811 329 2878 libidini
347 2811 485 2880 Oomitis
501 2815 526 2880 J
528 2815 644 2880 oannis
664 2819 791 2881 serrato
816 2814 916 2880 etiam
941 2812 1060 2879 decoro
1086 2814 1171 2878 tanti
1188 2810 1288 2878 Sena-

151 2923 212 3003 tus,
229 2923 286 3004 qui
302 2921 411 2987 varius
428 2927 461 2987 et
476 2922 644 2989 mutabilis
660 2925 693 2988 iu
710 2924 776 2988 suis
795 2922 1086 2989 deliberationibus
1102 2919 1206 2985 videri
1222 2940 1287 2985 non

153 3030 261 3112 debet,
278 3033 396 3096 iccirco
419 3031 511 3098 vadit
527 3054 622 3117 pars:
644 3030 741 3116 Quod
759 3039 864 3098 stetur
881 3053 980 3117 super
1005 3053 1052 3113 eo,
1068 3030 1157 3115 quod
1181 3028 1287 3114 pridie

152 3138 217 3204 fuit
232 3139 448 3206 deliberatum
464 3141 593 3206 volente
610 3137 738 3205 Oomite
762 3139 908 3224 predicto
935 3145 1104 3223 acceptare
1129 3137 1288 3222 partitum

152 3246 347 3314 ducatorum
382 3248 469 3314 mille
493 3249 527 3313 in
552 3269 638 3315 anno
664 3249 697 3312 in
723 3250 863 3314 termino
884 3247 988 3317 VIII.
1005 3248 1140 3327 dierum,
1164 3245 1198 3312 in
1224 3266 1288 3329 quo

153 3377 233 3420 casu
248 3356 371 3422 habeat
387 3359 486 3423 etiam
505 3357 593 3424 ultra
618 3357 721 3426 dictos
745 3357 882 3423 ducatos
907 3356 995 3422 mille
1021 3357 1056 3422 in
1079 3377 1175 3436 anno,
1191 3354 1290 3420 duca-

152 3470 206 3529 tos
222 3465 310 3530 4000
327 3467 399 3531 auri
423 3488 444 3532 a
468 3471 580 3532 nostro
599 3465 765 3547 Dominio,
790 3487 849 3550 pro
875 3464 952 3530 dote
977 3463 1042 3529 filie
1067 3485 1132 3545 sue,
1157 3461 1289 3545 quando

152 3574 259 3658 ipsam
273 3575 486 3642 maritaverit.
495 3573 683 3642 Recusante
695 3579 805 3640 autem
817 3575 936 3640 iterum
948 3579 979 3639 et
995 3572 1167 3658 pecuniam
1182 3571 1289 3653 ipsam

150 3705 218 3749 non
233 3685 422 3769 accipiente,
439 3684 558 3750 dentur
574 3705 613 3750 ex
628 3681 777 3767 predicta
796 3683 982 3766 quantitate
998 3684 1092 3748 uxori
1108 3679 1207 3758 illius,
1227 3698 1287 3761 pro

153 3792 288 3860 comodo
306 3801 340 3859 11
355 3793 540 3878 honorabilj
568 3792 656 3858 victu
680 3812 748 3872 suo,
772 3791 883 3856 ducati
901 3787 1116 3872 0000111111]Ι
1134 3788 1168 3852 in
1192 3806 1287 3866 anno,

153 3899 251 3966 liberi
284 3899 326 3968 ab
358 3903 444 3968 omni
476 3901 726 3982 contributione,
756 3902 841 3966 sicut
872 3907 1004 3984 captum
1035 3902 1094 3980 est,
1118 3893 1291 3960 habitante

154 4015 265 4076 tamen
280 4009 353 4094 ipsa
368 4011 402 4075 in
418 4011 481 4077 bac
491 4007 634 4076 Ciuitate
651 4015 774 4092 nostra,
785 4013 844 4074 aut
858 4008 893 4073 in
908 4007 1006 4072 terris
1023 4013 1057 4071 11
1071 4005 1152 4071 locis
1168 4002 1290 4069 nostris

155 4125 288 4202 aparte
303 4123 401 4200 terre,
417 4125 450 4185 et
466 4117 651 4185 maritando
667 4117 771 4183 filiam
795 4139 888 4183 suam
912 4116 946 4180 in
961 4113 1116 4180 Nobilem
1132 4117 1289 4188 nostrum,

154 4223 278 4292 habere
294 4225 413 4292 debeat
428 4249 449 4292 a
464 4230 575 4292 nostro
592 4224 756 4304 Dominio,
771 4245 831 4308 pro
856 4245 915 4290 sua
939 4223 1014 4290 dote
1039 4221 1176 4286 ducatos
1203 4223 1289 4284 1000

153 4335 244 4416 auri;
271 4340 304 4399 et
328 4335 483 4399 maritata
499 4355 537 4400 ea
553 4341 665 4400 currat
690 4332 898 4399 nihilominus
918 4337 951 4396 et
965 4335 1151 4416 perseveret
1166 4325 1286 4392 solutio

10 4511 34 4538 ·.
156 4445 230 4508 duo.
260 4447 325 4510 400
356 4445 391 4508 in
423 4464 520 4525 anno,
553 4443 658 4508 eidem
683 4442 826 4508 Domino
858 4443 951 4507 uxori
978 4439 1116 4506 Comitis
1141 4435 1292 4511 Joannis,

39 4539 97 4598 Χ·
155 4551 261 4618 donec
289 4553 416 4634 vixerit,
442 4559 474 4618 ct
506 4575 546 4618 oa
571 4551 721 4618 defuncto
742 4559 852 4618 cesset
876 4551 949 4635 ipsa
974 4550 1101 4616 solutio.
1126 4541 1294 4627 Regimini
