3356 5266
415 359 457 418 98
795 369 1027 417 oratonnouuu
1044 356 1212 414 amusan.

414 553 474 598 nos
489 537 522 597 et
537 554 558 597 a
573 530 707 616 speciali
721 530 858 614 antiqua
875 537 909 596 et
924 534 1083 613 perpetua
1100 533 1213 593 nostra
1230 528 1264 592 in
1280 527 1409 592 illorum
1426 545 1546 610 proge·
1659 527 1661 556 ¹

415 641 538 705 nitores
555 645 588 704 et
605 640 692 724 ipsos
707 637 830 704 fratres
845 635 1065 706 benivolentia
1081 643 1114 702 ct
1128 636 1303 702 charitate.

520 747 562 835 ΔΓ
611 750 675 813 rsa
722 785 765 798 -
814 748 830 810 1
879 784 922 796 -
967 752 998 813 o.

518 912 554 974 (V
556 913 672 962 clencnei
692 911 879 975 auamkonyv.
895 911 988 972 1⁶41.)

952 1365 1006 1426 63.

415 1549 511 1612 1469.
543 1546 573 1612 A
604 1544 756 1610 velenczer'
786 1544 1006 1608 dilaniantes
1032 1541 1167 1606 odlaaza
1193 1565 1212 1604 a
1242 1538 1328 1628 cup
1358 1541 1540 1628 yrdfndnek

411 1658 549 1721 tricatus
565 1654 684 1736 muddjc
702 1655 735 1716 es
749 1653 843 1736 cyprii>
858 1651 1003 1737 ereklyefk
1018 1651 1217 1736 megcdltdec
1234 1651 1267 1713 έε
1283 1676 1302 1714 c
1326 1650 1466 1716 rorottel
1490 1651 1542 1713 lee-

663 1760 755 1824 tendr'i
771 1759 843 1822 bc'kr
859 1757 1080 1823 aikardozduok
1097 1759 1288 1844 tdrqydban.

412 1954 768 2025 MOOOCLXVIIII.
784 1954 837 2021 die
854 1952 920 2020 XL
937 1953 1065 2038 Marcij.

413 2064 587 2150 Sapientes
604 2064 742 2147 Consilij
907 2061 1084 2145 Proposuit
1109 2069 1221 2129 nostro
1238 2063 1394 2130 Dominio
1411 2063 1541 2146 Magni-

505 2199 520 2233 »
606 2179 630 2238 t.
645 2171 666 2237 f.
844 2169 907 2235 fica
933 2168 1110 2236 Comitissa
1134 2167 1218 2236 Oilie
1244 2174 1413 2240 materiam
1441 2174 1540 2239 vestis

411 2284 544 2348 Domini
569 2263 785 2348 nostis-ies]
805 2275 930 2344 Christi
947 2284 980 2342 et
1004 2285 1169 2343 certarum
1193 2279 1332 2346 aliarum
1350 2289 1538 2350 sanctarum
1659 2305 1661 2378 j

410 2390 625 2473 reliquiarum
640 2389 748 2474 pretio
758 2384 1055 2470 recuperandamm
1065 2384 1105 2450 de
1115 2386 1264 2452 manibus
1274 2387 1381 2470 Turci,
1392 2389 1534 2472 adquam

412 2517 478 2564 rem
495 2499 653 2582 optimum
669 2497 809 2563 medium
825 2493 947 2560 habere
957 2492 1046 2572 dicit,
1063 2493 1229 2578 cujusdam
1246 2498 1445 2582 emerissus,
1462 2519 1537 2564 uxo·

412 2604 457 2670 ris
473 2604 551 2671 olim
567 2607 671 2690 patris
688 2603 848 2690 presentis
865 2599 999 2666 Domini
1016 2599 1125 2684 Turoi,
1140 2623 1199 2685 per
1210 2603 1301 2688 cujus
1311 2603 1458 2670 mulieris
1476 2629 1540 2672 me-

411 2711 499 2778 dium
515 2712 596 2780 dicit
612 2723 646 2780 et
662 2719 773 2798 sperat
788 2711 889 2776 etiam
906 2708 1080 2776 Comitissa
1095 2709 1243 2792 predicta
1259 2711 1341 2778 inire
1357 2715 1536 2796 practicam
1659 2765 1661 2806 3

411 2822 500 2902 pacis
516 2822 660 2906 ejusdem
677 2819 820 2900 Domini,
836 2825 1037 2892 cumnostro
1055 2816 1221 2900 Dominio,
1244 2819 1271 2884 si
1296 2841 1354 2886 nos
1380 2821 1424 2886 ad
1449 2823 1538 2890 illam
1659 2823 1661 2852 ¹

411 2928 578 2992 attendere
596 2928 739 3009 velimus,
756 2947 821 3010 que
838 2925 976 2990 materia
990 2930 1128 3008 utroque
1145 2932 1295 3010 respectu
1312 2949 1377 2994 non
1400 2934 1450 2995 est
1466 2953 1539 3016 neg·
1660 2937 1661 3000 ξ

411 3035 572 3120 gligenda.
597 3036 721 3102 Iccirco
750 3034 841 3100 vadit
856 3054 951 3118 pars:
967 3033 1054 3118 quod
1080 3033 1185 3100 eidem
1211 3035 1386 3105 Gemitisse
1411 3059 1540 3124 respon·
1659 3043 1661 3054 ⁴

413 3143 482 3208 deri
498 3145 625 3223 debeat,
641 3144 737 3209 fuisse
754 3142 974 3227 gratissimam
990 3141 1084 3206 nobis
1100 3143 1365 3210 memorationem
1376 3152 1410 3212 et
1424 3167 1539 3230 propo-

411 3252 560 3317 sitionem
586 3273 686 3333 suam,
710 3260 778 3317 tam
803 3250 844 3315 de
870 3249 1082 3316 sanctissimis
1099 3249 1255 3333 reliquiis,
1272 3273 1370 3336 quam
1394 3253 1436 3318 de
1452 3275 1540 3338 pace,

409 3381 547 3444 quorum
565 3367 727 3444 utrunque
742 3358 918 3443 plurimum
934 3358 1036 3442 exigit
1054 3357 1260 3442 diligentiam
1277 3367 1309 3426 et
1334 3368 1515 3446 respectum
1532 3385 1540 3442 ;

412 3477 583 3554 propterea
600 3469 727 3535 videtur
745 3467 854 3552 nobis,
869 3474 907 3533 ut
922 3465 1171 3552 Magnificentius
1187 3490 1247 3535 sua
1266 3471 1376 3537 mittat
1392 3467 1436 3537 ad
1451 3471 1537 3536 illius

410 3597 554 3643 sororem
570 3582 758 3646 consuetum
774 3573 955 3659 calopirum
972 3583 1005 3642 et
1022 3576 1170 3642 nuntium
1194 3599 1287 3643 suum
1314 3599 1386 3644 cum
1413 3579 1536 3659 ordine,

411 3692 446 3750 ut
462 3685 532 3769 ipsa
547 3686 617 3770 ejus
633 3705 725 3751 soror
740 3703 798 3768 per
815 3683 907 3750 illam
924 3684 1016 3764 viam,
1033 3705 1096 3767 que
1113 3685 1143 3749 ei
1161 3685 1335 3772 videbitur,
1363 3688 1456 3771 prius
1471 3692 1539 3751 ten-

409 3799 459 3857 tet
485 3792 663 3859 Dominum
688 3791 862 3873 Turchum,
879 3791 905 3854 si
931 3791 974 3857 ad
1000 3798 1176 3875 utramque
1191 3813 1298 3858 rerum
1315 3791 1537 3878 predictarum

409 3901 476 3966 aiva
491 3902 533 3967 ad
548 3901 687 3968 alteram
704 3920 815 3967 aarum
832 3903 881 3964 est
896 3898 1079 3966 inclinatus
1095 3900 1143 3966 Et
1158 3899 1360 3986 reperiendo,
1376 3901 1463 3985 quod
1479 3903 1533 3981 sic,

410 4017 501 4093 petat
527 4017 559 4076 ct
574 4012 727 4095 impetret
752 4030 851 4073 unum
876 4007 1020 4075 validum
1045 4015 1079 4074 ct
1104 4007 1249 4093 amplum
1275 4009 1539 4077 salnrmconduc·

410 4122 479 4182 tum
505 4140 564 4202 pro
591 4140 654 4184 uno
679 4124 792 4184 nostro
818 4122 959 4198 oratore,
985 4138 1081 4200 quem
1107 4115 1149 4182 ad
1166 4122 1297 4201 portam
1313 4119 1479 4184 mittemus
1506 4127 1537 4185 et

411 4233 471 4291 ect.
486 4227 532 4292 Et
549 4227 575 4292 si
593 4227 664 4308 ipsa
679 4225 822 4290 Domina
838 4225 1005 4306 negotium
1021 4224 1196 4308 sumpserit
1221 4223 1373 4291 mittendi
1389 4247 1450 4308 pro
1468 4227 1538 4311 ipso

411 4333 669 4414 suscensendo,
686 4332 871 4399 declaretur
886 4333 914 4398 ei
930 4331 964 4396 id
980 4332 1074 4398 nobis
1090 4332 1159 4400 fore
1186 4334 1420 4417 gratissimum,
1438 4343 1471 4402 et
1486 4357 1539 4420 pe·

411 4442 521 4508 eunias
537 4441 684 4508 dabimus
701 4439 806 4506 eidem
831 4439 945 4506 nuntio
970 4461 1030 4525 pro
1056 4441 1211 4526 impensis
1237 4449 1270 4507 et
1295 4441 1444 4508 effectum
1470 4465 1537 4510 sor-

411 4550 567 4618 tientibus
592 4550 777 4640 hujusmodi
803 4551 967 4634 practicis,
999 4558 1090 4616 certa
1115 4551 1156 4615 sit
1188 4549 1439 4635 Magnificentia
1471 4551 1536 4620 Sua
