3336 5258
714 333 810 396 14so.
1255 332 1319 430 447

188 515 373 582 necessario
399 514 569 599 pro'videre
593 512 669 578 huic
695 512 752 593 rei,
779 516 813 576 et
838 507 974 589 efficere,
991 513 1150 592 quantum
1175 510 1325 575 convenit

190 625 366 706 honestati,
392 621 545 706 dignitati
572 626 604 685 st
629 640 752 685 summe
766 617 908 686 Justicie
924 617 1070 701 Dominij
1089 619 1201 683 nostri.
1222 616 1326 686 Vadit

189 739 288 818 pars:
304 731 392 816 quod
417 752 478 816 pro
503 727 629 794 meliori
656 733 688 793 et
712 728 835 793 tutiore
861 725 1012 794 custodia
1037 731 1070 792 et
1089 724 1325 810 gubernatione

190 841 292 926 ipsius
316 837 432 921 insule,
449 836 489 902 de
505 836 649 921 presenti
665 836 700 900 in
715 835 777 901 hoc
793 832 940 900 Consilio
958 835 1099 918 eligatur
1123 856 1207 901 unus
1223 832 1325 901 Nobi-

188 949 230 1016 lis
245 952 358 1015 noster
381 945 528 1030 provisor
552 945 655 1028 ipsius
680 944 786 1010 insule
812 965 871 1028 per
896 964 1000 1010 annos
1016 944 1098 1010 duos
1114 965 1187 1010 cum
1204 941 1325 1012 salario

191 1059 386 1125 ducatorum
401 1055 455 1123 VI
472 1055 584 1122 orum
600 1055 635 1120 in
651 1075 737 1120 auno
753 1059 787 1120 et
803 1059 861 1119 ect

299 1164 442 1251 †14.

190 1327 401 1412 4Sapientes
418 1327 589 1396 Ordinum.
624 1325 628 1432 1
721 1325 848 1393 Volunt
872 1331 1001 1410 partem
1020 1321 1212 1409 Sapientum
1238 1331 1326 1391 terre

192 1447 282 1504 firme
308 1444 343 1502 et
366 1443 427 1502 ect.
453 1457 526 1502 cum
557 1436 620 1501 hac
651 1434 828 1517 additione,
848 1436 935 1519 quod
962 1431 1083 1502 (lomiti
1109 1434 1234 1502 Joanni
1266 1455 1325 1518 pro

191 1546 279 1613 victu
296 1567 354 1612 suo
373 1546 532 1612 consortis
558 1549 590 1610 et
605 1543 671 1610 filie
687 1545 805 1610 dentur
830 1542 942 1610 ducati
961 1544 1051 1609 mille
1071 1545 1141 1630 jam
1157 1544 1230 1608 dari
1248 1543 1327 1610 deli·

191 1654 300 1720 berati
328 1654 455 1739 singulo
481 1673 566 1720 anno
597 1674 655 1740 per
685 1652 847 1719 illummet
871 1652 1011 1741 modum,
1028 1652 1270 1720 conditionibus
1295 1661 1328 1721 et

195 1761 357 1829 striaturis
374 1763 537 1828 contentis
553 1763 587 1828 in
604 1760 692 1827 dicta
708 1761 951 1828 deliberatione.

305 1870 350 1956 ΔΓ
396 1873 447 1937 24.

1 2055 2 2094 ³
54 2073 60 2082 ·
194 2049 257 2118 Ser
271 2046 462 2116 Jeronimus
477 2048 592 2117 Leono
822 2049 885 2115 Dio
900 2049 985 2116 XX.
1001 2049 1186 2134 Februarij.

277 2157 353 2242 Sap.
370 2156 541 2224 Ordinum.
723 2159 775 2225 La
806 2159 957 2224 existima
995 2179 1122 2242 semper
1152 2158 1186 2224 18
1215 2165 1329 2225 nostra

195 2266 349 2352 Signoria
365 2268 398 2333 la
415 2268 640 2334 conservation
656 2267 709 2332 del
725 2263 829 2332 honor
844 2273 877 2332 et
889 2265 1026 2352 justicia
1052 2289 1111 2332 sua
1137 2288 1235 2351 sopra
1251 2269 1329 2353 ogni

195 2376 283 2442 altra
308 2397 411 2458 cossa,
437 2381 470 2440 et
485 2395 550 2440 non
577 2375 755 2441 solamente
781 2375 854 2441 uele
880 2396 969 2442 cosse
993 2373 1136 2459 pichole‚
1149 2397 1204 2440 ma
1231 2376 1329 2440 etism

194 2483 266 2548 nele
281 2484 406 2568 grande
422 2490 455 2549 ct
469 2483 778 2568 importantissims:
805 2491 838 2550 et.
863 2505 921 2567 per
940 2505 1004 2550 nou
1020 2484 1137 2550 deviar
1153 2483 1196 2548 da
1212 2489 1328 2566 questo

195 2593 399 2659 sanctissimo
414 2599 560 2659 costumo
586 2599 619 2659 et
644 2592 705 2658 che
732 2599 804 2659 tuto
831 2593 861 2659 el
877 2591 996 2659 mondo
1022 2592 1167 2674 intends,
1189 2593 1248 2658 che
1263 2614 1329 2659 non

196 2699 320 2767 volemo
335 2705 411 2766 tuor
428 2700 532 2784 stado,
548 2702 582 2766 in
596 2701 752 2785 Signoria
767 2701 811 2766 ad
827 2701 947 2785 alguno
964 2701 1228 2784 indebitamsnte‚
1238 2723 1279 2767 ne
1295 2702 1328 2768 al

195 2813 345 2892 presente
361 2809 472 2893 privar
488 2809 500 2874 i
516 2809 654 2894 legitimi
670 2809 797 2876 heriedi
821 2810 979 2894 dequesto
995 2808 1116 2895 Signor
1142 2811 1183 2877 de
1199 2809 1330 2895 Veglia‚

196 2917 240 2984 da
254 2919 288 2984 la
307 2939 367 2985 sua
383 2920 614 3001 antiquissima
629 2919 825 3004 possession,
841 2941 907 2985 non
933 2919 1112 2986 solamente
1138 2921 1330 3003 permessoli

196 3025 308 3111 goder,
324 3049 378 3093 ma
403 3027 507 3094 anche
534 3033 620 3094 sotto
646 3027 679 3092 la
703 3029 888 3112 protection
914 3027 954 3094 de
979 3028 1014 3094 la
1034 3026 1186 3110 Signoria
1211 3033 1330 3110 nostra,

196 3135 412 3203 conservatoli
445 3136 489 3201 da
520 3136 597 3221 ogni
628 3135 794 3221 potentia;
819 3158 874 3201 ma
900 3136 1008 3219 quello
1033 3137 1093 3203 che
1118 3135 1211 3222 fatto,
1237 3161 1254 3204 e
1279 3137 1330 3202 far

196 3243 326 3311 volamo
361 3245 411 3309 sia
446 3245 515 3310 solo
541 3266 602 3329 per
627 3243 868 3311 evidentissimo
894 3243 1071 3329 prejuditio
1103 3243 1144 3310 de
1175 3245 1206 3310 le
1240 3267 1331 3311 cosse

196 3359 323 3435 nostre3
350 3359 383 3419 et
407 3375 487 3438 pero
514 3375 572 3420 azo
597 3355 647 3419 sia
671 3355 819 3438 provisto
844 3355 945 3419 adun
962 3361 1071 3438 tempo
1088 3375 1152 3420 non
1168 3375 1261 3420 meno
1278 3353 1332 3419 ala

144 3488 146 3494 ¹
194 3460 338 3545 justicia,
364 3461 426 3529 cha
451 3461 506 3529 ala
530 3469 666 3546 segurta
696 3469 818 3530 nostra
843 3461 997 3528 bandora
1028 3469 1139 3547 parte:
1169 3461 1253 3529 Chol
1284 3463 1332 3530 sia

199 3576 334 3655 accepta
348 3592 408 3656 per
423 3571 457 3636 la
473 3575 589 3640 nostra
605 3569 760 3656 Signoria
775 3571 809 3637 la
825 3577 993 3637 reverente
1019 3569 1137 3636 offerta
1156 3569 1210 3636 del
1225 3569 1331 3636 Ocnte

197 3676 322 3760 Zuaue,
354 3685 388 3744 et
412 3676 573 3746 Contessa
604 3680 645 3745 de
672 3679 802 3766 Veglia‚
830 3679 935 3763 iquali
952 3684 1149 3746 contentano
1176 3679 1217 3744 de
1242 3700 1330 3745 esser

197 3785 352 3852 investidi
367 3786 438 3851 loro
454 3793 488 3852 et
503 3809 561 3854 suo
578 3786 703 3854 heriedi
719 3787 772 3854 del
788 3788 917 3872 pheudo
933 3788 1085 3854 delixola
1095 3786 1135 3852 de
1149 3785 1271 3870 Veglia
1288 3787 1333 3852 da

198 3913 270 3958 essa
285 3893 514 3962 illustrissima
528 3901 643 3962 nostra
658 3894 813 3980 Signoria
828 3895 964 3963 danduli
981 3895 1014 3960 di
1035 3900 1129 3962 cento
1154 3895 1230 3979 ogni
1247 3916 1332 3960 anno
1464 3965 1467 3971 Δ

197 3999 252 4066 818
268 3998 391 4067 Ohiesa
406 4009 520 4070 nostra
536 4002 576 4069 de
593 4003 661 4071 San
677 4003 793 4072 Marco
818 4026 882 4070 uno
899 4005 1010 4071 caloae
1026 4002 1067 4069 de
1093 4025 1175 4088 pexo
1191 4004 1233 4068 de
1248 4025 1333 4068 mar-

154 4141 177 4174 n
199 4106 258 4173 che
275 4108 322 4174 sie
338 4108 379 4176 de
395 4119 531 4180 arzento
548 4133 606 4198 per
623 4114 828 4198 recognition
845 4111 886 4178 de
903 4113 991 4179 dicto
1007 4112 1155 4197 pheudo;
1176 4119 1208 4179 st
1223 4111 1254 4177 le
1269 4111 1334 4179 for·

138 4277 141 4282 .
177 4267 180 4273 .
198 4222 269 4282 teze
286 4217 378 4285 siano
393 4219 427 4284 in
441 4221 589 4288 custodia
605 4223 646 4288 de
662 4244 732 4288 esse
749 4221 904 4308 Signoria
921 4228 1037 4288 nostra
1051 4219 1181 4287 fornide
1196 4219 1237 4287 de
1253 4220 1332 4288 (las-

215 4323 313 4410 ellanj
332 4331 365 4391 st
379 4326 472 4410 fanti,
488 4351 579 4396 como
596 4353 617 4397 a
633 4330 743 4415 quella
758 4351 929 4415 apparera.
945 4329 1095 4396 Essendo
1112 4351 1190 4414 pero
1216 4329 1330 4414 pagati

254 4432 289 4498 18
313 4435 446 4519 intrata,
463 4437 503 4503 de
519 4440 596 4523 quel
610 4439 667 4524 piu
683 4439 854 4525 expedicio
872 4438 961 4504 datio
989 4437 1030 4503 de
1056 4435 1145 4503 dicta
1170 4437 1259 4503 ixola
1274 4435 1333 4503 che

271 4562 324 4609 tra
338 4543 372 4609 81
389 4544 548 4632 Collegio.
