3356 5266
701 309 796 371 1469.
1274 305 1316 367 99

188 493 278 578 qued
294 512 373 576 erga
387 490 478 556 illam
494 492 612 553 etsuos
628 490 757 552 utemur
772 483 971 549 liberalitate
997 481 1067 561 tali,
1092 478 1180 564 quod
1202 481 1318 547 merite
1439 479 1445 486 ’

190 602 231 669 de
247 601 342 668 nobis
358 600 480 684 poterit
495 595 688 664 contentari.

298 744 341 830 ΔΓ
390 747 453 810 143
502 783 545 792 -
594 751 610 804 r
658 777 702 790 -
749 746 777 806 a

298 925 454 990 (Velenczei
466 924 645 988 dilamkonyr
659 928 674 973 3
688 923 718 984 l.)

680 1157 838 1166 ——n——-

737 1432 788 1496 64.

200 1618 298 1681 1469:
323 1615 521 1680 Aveteueeei
535 1614 753 1678 dttomtaudca
777 1613 913 1678 Sanodc
929 1611 1067 1676 Ferencz
1092 1614 1202 1677 romei
1224 1614 1326 1677 kdvete

199 1723 281 1788 ditat
298 1725 370 1788 tori
385 1748 406 1788 a
419 1727 537 1809 popae,
553 1725 633 1809 bepy
648 1725 779 1810 Mereor
794 1721 921 1806 kirclyt
937 1745 959 1784 a
976 1722 1045 1784 eset
1057 1717 1167 1806 lrirdiy
1184 1721 1263 1785 olleo
1280 1724 1324 1786 vi·

197 1833 254 1896 eelt
270 1833 458 1896 Mtoreaak
473 1830 681 1895 melldzdee'oel
707 1855 728 1894 a
744 1829 927 1916 veeedlylyel
934 1829 1104 1915 feugepetb'
1120 1829 1213 1893 to‘rb'k
1230 1829 1327 1894 elleui

557 1938 758 2023 badjdratrc
784 1945 968 2001 ὄεείόπὸιιε.

203 2131 547 2203 MOOOOLXVIIII.
563 2133 616 2199 die
631 2131 731 2202 XVI.
748 2131 874 2216 Martij.

307 2261 368 2330 Ser
392 2261 570 2328 Franciseo
599 2259 734 2344 Sanum,
763 2259 899 2326 Oratori
924 2267 1036 2327 nostro
1057 2261 1145 2345 apud
1162 2260 1330 2328 Summum

201 2370 403 2438 Pontificem.

203 2487 221 2546 5
247 2478 421 2563 Sapientes
447 2475 584 2562 Consilij
748 2479 802 2546 Ex
841 2476 1015 2562 Hungaria
1045 2498 1153 2542 sumus
1185 2478 1324 2544 adsisati

204 2593 222 2653 3
333 2612 348 2646 s
450 2594 473 2652 t.
489 2586 510 2652 f.
687 2587 875 2670 impresiam
892 2593 1076 2668 susceptam
1092 2584 1255 2669 perillum
1272 2585 1329 2652 Se·
1423 2639 1427 2646 .

202 2696 406 2762 renissimum
421 2695 549 2779 Regem
565 2680 681 2761 contra
696 2695 823 2780 Regem
838 2693 972 2758 Boemie
987 2713 1052 2758 non
1068 2693 1172 2760 solum
1199 2693 1327 2760 diffieil-

201 2804 324 2884 limam,
341 2801 398 2868 sed
421 2803 553 2886 penitus
578 2803 812 2887 impossibilem
830 2823 909 2882 esse,
926 2821 948 2865 a
962 2823 1027 2886 qua
1043 2802 1100 2866 ille
1117 2799 1187 2867 Ser.
1203 2802 1276 2868 Rex
1293 2804 1330 2868 li·

203 2911 390 2977 bentissime
407 2931 441 2975 se
456 2919 646 2994 removeret,
664 2919 696 2976 et
712 2911 796 2976 vires
810 2931 885 2975 suas
897 2917 1009 2975 contra
1026 2910 1159 2991 rabiem,
1171 2911 1333 2977 seviciam·

204 3041 266 3104 que
301 3017 411 3100 Turei,
435 3041 537 3101 parva
563 3020 711 3084 suasione
738 3025 959 3098 converteree;
984 3017 1101 3083 iccirco
1126 3018 1282 3102 volumus,
1298 3026 1334 3084 ut
1383 3016 1385 3020 ⁴

205 3133 336 3211 captato
352 3133 500 3209 tempore
515 3127 621 3193 verbis
638 3128 723 3210 aptis
740 3124 830 3192 etad
856 3125 1057 3208 propositum
1082 3125 1165 3192 bene
1191 3147 1337 3193 accomo-

205 3236 290 3302 datis
306 3234 440 3302 Summo
456 3233 612 3301 Pontifici
627 3236 814 3301 memoretis
837 3240 870 3298 et
881 3232 1065 3314 declaretis,
1076 3233 1218 3300 Tereum
1230 3235 1335 3319 ipsum

206 3344 345 3409 vicinum
357 3341 428 3425 jam
442 3341 540 3408 Italic
555 3341 673 3409 finibus
689 3344 840 3428 ingentes
857 3341 1019 3424 quottidie
1044 3341 1163 3425 predas
1189 3341 1336 3408 christia-

206 3473 321 3518 norum
338 3451 480 3536 abigere,
497 3457 530 3516 et
552 3451 708 3518 ditionem
733 3473 815 3536 pene
840 3451 1023 3515 universam
1048 3451 1203 3515 comitum
1229 3448 1337 3536 Segne

206 3559 429 3646 frequentibus
444 3559 709 3644 populationibus
736 3560 924 3625 devastasse
951 3566 984 3623 et
1008 3559 1187 3643 dissipasse,
1215 3560 1333 3644 quibus
1416 3644 1419 3651 =

207 3669 385 3750 comitibus,
395 3668 458 3734 nisi
473 3675 656 3753 opportune
674 3674 892 3748 succurratur,
904 3667 1034 3733 evidens
1051 3668 1197 3734 imminet
1212 3669 1336 3752 perieu-

207 3777 285 3856 lum,
303 3784 340 3843 ut
354 3777 457 3842 hostis
482 3777 620 3844 castella
635 3784 668 3842 et
683 3778 755 3844 loca
780 3798 891 3842 eorum
916 3779 1053 3860 occupet
1077 3799 1150 3842 cum
1175 3776 1336 3860 irrepere·

208 3887 265 3953 bili
289 3895 405 3971 postea
439 3883 633 3952 detrimento
660 3887 861 3969 reliquorum
886 3885 1148 3963 christianorum,
1173 3892 1206 3951 et
1230 3885 1333 3970 ipsius

209 3995 308 4062 Italic
318 3996 481 4079 contigue,
492 4001 525 4058 et
535 3996 706 4080 conjuncte
717 3996 816 4060 stetui
827 3994 1213 4078 eomitumpredietorum,
1224 4013 1343 4077 quam·

210 4104 321 4172 obrem
354 4109 541 4170 reverenter
573 4109 605 4167 et
631 4102 808 4170 efficaciter
834 4103 968 4168 suadete
993 4109 1027 4168 et
1050 4102 1230 4186 supplicate
1255 4101 1340 4167 Bea-

210 4212 347 4279 titudini
363 4210 519 4296 predicte,
536 4219 573 4277 ut
589 4211 633 4276 ad
644 4209 827 4296 hujusmodi
841 4209 1093 4275 christianorum
1116 4209 1289 4276 incomoda
1305 4217 1339 4275 et

210 4320 358 4406 pericula
374 4320 483 4386 oculos
500 4326 688 4386 convertere
713 4319 867 4404 dignetur
891 4324 924 4382 et
949 4317 990 4383 de
1014 4317 1168 4403 remedijs
1193 4318 1341 4403 cogitare

209 4437 242 4495 et
256 4425 447 4512 providere;
463 4429 550 4493 inter
566 4434 674 4494 cetere
689 4447 766 4494 rere
782 4425 934 4505 remedia,
960 4445 1023 4509 que
1047 4425 1140 4492 nobis
1170 4424 1290 4492 idonea
1307 4432 1341 4491 et

211 4536 400 4633 necessaria
416 4533 607 4616 riderenter,
623 4535 685 4600 hoe
700 4555 800 4600 unum
816 4535 1114 4618 prestantissimum
1139 4534 1288 4616 occurrit,
1304 4539 1341 4598 ut
