3356 5266
336 349 399 410 126
684 363 917 413 nrrnonsozrnr
933 354 1101 412 nnnnnnrc.

331 524 364 590 di
381 545 524 589 crescere
541 529 636 608 stato,
653 545 670 589 e
687 546 746 608 per
761 531 958 608 consequent
961 547 978 590 e
945 525 1119 593 tdubita.
1136 527 1196 591 che
1212 547 1247 590 se
1259 525 1366 610 voglio
1381 525 1462 590 rite-

329 653 416 716 nere,
442 633 548 716 quelle
574 639 660 698 terre
686 653 765 699 sono
780 633 815 698 in
831 632 1009 718 Osterlich‚
1026 634 1066 698 de
1082 634 1180 716 quale
1196 639 1286 698 scote
1303 631 1467 714 tidinari,

329 739 383 806 del
398 739 544 806 subsidio
559 740 604 806 he
620 737 664 806 da
683 739 791 823 prefet
793 760 813 804 s
777 740 940 806 tMaest
926 747 962 809 ta
977 748 1053 807 cont
1056 762 1092 805 re
1039 741 1138 806 tel
1153 741 1286 807 Boemo.

435 847 568 914 Accede
585 849 695 930 anche,
711 848 769 912 che
787 847 842 914 ale
857 847 950 932 presa
931 854 987 914 ets
952 848 1115 914 ttMoes
1102 855 1137 914 ta
1154 869 1217 912 non
1243 869 1323 932 pare
1352 848 1458 914 credi-

327 955 401 1039 bile,
417 956 441 1021 li
457 955 580 1022 Turchi
604 957 734 1040 pessino
761 977 848 1022 esser
874 957 983 1022 venuti
1009 958 1043 1022 in
1059 955 1171 1040 quello
1198 978 1258 1023 sua
1284 957 1464 1040 provint
1417 958 1464 1022 ie

329 1088 364 1132 se
374 1089 439 1132 non
450 1087 529 1131 sono
541 1087 560 1130 a
570 1064 677 1131 studio
687 1055 822 1131 lassati
819 1087 953 1150 passere
964 1065 1018 1131 dal
1030 1065 1199 1148 Ungharo‚
1210 1065 1355 1131 cheteus
1366 1073 1460 1148 perte

330 1174 370 1240 de
387 1175 420 1240 le
436 1174 586 1258 Bossina,
602 1172 642 1238 de
658 1173 744 1240 unde
771 1194 849 1239 sono
859 1174 970 1256 levati,
981 1195 997 1238 e
1008 1173 1066 1238 che
1085 1173 1222 1258 dispone
1242 1197 1262 1239 a
1279 1195 1338 1239 sua
1354 1174 1463 1256 voglio

328 1281 368 1348 do
385 1283 485 1368 quelli
501 1279 601 1348 Uenti
617 1287 757 1366 tongeno
774 1281 807 1347 le
823 1281 969 1364 Oroatis,
988 1281 1046 1346 cho
1069 1281 1197 1347 elmeno
1208 1281 1310 1365 quelli
1327 1283 1367 1348 de
1378 1283 1461 1348 dicti

328 1393 419 1476 poesi
434 1391 612 1457 intendeno
628 1396 744 1476 queste
754 1391 826 1456 loro
844 1397 967 1455 mostra
977 1411 1017 1454 ne
1029 1396 1188 1473 poterone
1199 1391 1259 1455 der
1269 1391 1382 1456 adviso
1399 1391 1464 1474 pri-

329 1521 390 1582 ma,
407 1500 465 1565 che
483 1501 547 1564 essi
564 1499 686 1565 Turchi
705 1520 738 1564 se
755 1497 952 1564 condussero
963 1503 1057 1562 tanto
1069 1501 1189 1582 inante,
1200 1499 1462 1582 quelipotcvano

331 1610 387 1691 piu
412 1609 597 1673 sacilnrente
623 1607 693 1674 sare
720 1605 788 1672 tale
813 1607 956 1671 correrio
984 1608 1016 1670 in
1043 1605 1183 1672 Bossina
1200 1627 1217 1670 e
1234 1605 1381 1690 Oroatis,
1398 1608 1459 1672 che

331 1717 437 1782 venire
456 1719 528 1780 sino
544 1739 565 1782 o
582 1716 760 1796 Carniolie,
784 1722 912 1780 excetto
927 1736 960 1779 se
978 1714 1068 1779 detto
1085 1715 1220 1797 Ungero
1237 1737 1302 1780 non
1318 1715 1455 1782 hereses

329 1829 445 1907 tregue
471 1823 513 1890 ad
539 1830 627 1891 certo
653 1831 761 1908 tempo
787 1846 845 1908 per
870 1831 960 1888 terra
985 1824 1034 1888 col
1060 1822 1178 1904 Tereo,
1209 1845 1300 1888 como
1326 1823 1456 1907 prefata

243 2005 251 2020 ,
329 1930 460 1998 Moesta
477 1934 564 1998 essai
580 1932 704 1999 dubita.

437 2039 511 2106 Glie
527 2041 579 2105 ehi
596 2047 670 2108 tenc
686 2063 745 2125 per
761 2045 859 2123 certo,
876 2039 908 2105 lo
925 2039 977 2106 Re
992 2037 1194 2121 d’Un'gherio
1219 2060 1285 2103 non
1310 2038 1459 2103 studiere

331 2151 363 2215 in
381 2149 477 2231 altro,
493 2149 552 2213 che
569 2170 684 2215 cavare
700 2150 807 2215 dineri
824 2147 868 2215 ds
884 2149 1014 2232 prefata
1030 2148 1161 2212 Maesta
1179 2169 1236 2230 per
1252 2147 1286 2212 le
1307 2146 1396 2212 foma
1413 2148 1453 2211 de

326 2259 443 2323 havere
459 2257 681 2340 grandissima
697 2260 857 2341 quantita,
874 2279 892 2338 e
909 2279 928 2322 a
945 2264 1058 2338 questo
1075 2257 1242 2339 proposito
1266 2275 1355 2319 esser
1381 2275 1455 2320 eon·
1545 2321 1552 2334 ,

331 2372 422 2430 tento
435 2367 629 2450 consentire,
645 2387 664 2431 a
682 2365 821 2448 quelche
839 2385 897 2432 sua
923 2363 1097 2446 adversita,
1122 2365 1241 2447 perche
1259 2364 1341 2446 segli
1357 2383 1455 2447 posse

326 2471 444 2538 butore
470 2473 540 2538 nole
565 2473 664 2540 breze
689 2473 731 2538 ad
757 2495 885 2542 esserne
911 2475 1038 2556 ajutato
1065 2471 1104 2536 de
1131 2495 1201 2537 esso
1236 2473 1290 2554 Re,
1318 2473 1377 2537 che
1409 2472 1455 2537 ed

327 2602 420 2646 omne
436 2601 496 2646 sue
511 2587 606 2666 posta
623 2603 711 2665 pare,
727 2582 786 2646 che
803 2583 891 2664 possi
909 2579 979 2646 sore
995 2581 1212 2662 grandissimo
1224 2580 1318 2664 mole,
1339 2603 1356 2644 e
1373 2579 1453 2644 bene

326 2689 460 2754 essendo
476 2690 705 2772 potentissimo
721 2711 739 2754 c
755 2688 922 2754 fortonato
938 2689 971 2752 in
988 2689 1108 2770 quello,
1124 2689 1182 2752 che
1204 2689 1302 2771 digna
1318 2689 1454 2770 dispone

326 2799 419 2876 assei,
436 2819 453 2860 e
471 2799 530 2864 che
546 2797 586 2862 de
602 2797 688 2880 Regi
705 2804 739 2862 et
756 2796 888 2880 Signori
906 2797 946 2861 sii
958 2797 990 2861 in
1002 2797 1147 2879 magiore
1164 2797 1376 2862 extimatione
1393 2797 1452 2861 che

328 2906 430 2989 nltr03
448 2907 679 2991 expectendosi
697 2907 800 2970 anche
817 2925 910 2971 omne
927 2906 1042 2988 giorno
1060 2905 1100 2970 de
1117 2907 1171 2987 piu
1189 2906 1333 2987 msgiore
1350 2924 1407 2987 per
1418 2905 1450 2968 lo

328 3011 413 3078 bono
440 3015 611 3098 conseglio‚
629 3036 662 3078 se
679 3015 760 3097 dice,
786 3013 844 3079 che
870 3013 913 3078 he
938 3014 1028 3080 alato
1055 3021 1088 3078 et
1103 3035 1160 3098 per
1177 3033 1401 3095 consequente
1418 3012 1451 3074 in

327 3143 420 3187 omns
437 3143 495 3188 sua
511 3124 661 3207 impreco,
677 3121 1015 3188 desideratasortuno.
1028 3120 1179 3186 Ueterum
1191 3126 1307 3202 questo
1319 3117 1458 3184 Ambas-

326 3237 435 3295 satore
461 3229 632 3297 Vinitiano
659 3231 701 3296 ha
732 3231 944 3314 quadagnsto
975 3230 1194 3312 grandissimo
1227 3233 1378 3312 sospecto
1402 3228 1457 3292 ala

326 3339 453 3422 prefata
469 3338 604 3405 Maesta
618 3361 679 3422 per
694 3338 838 3404 l’endata
855 3359 915 3403 suo
930 3338 985 3402 del
1002 3339 1139 3420 Ungsro
1155 3337 1187 3400 in
1206 3342 1324 3418 questo
1340 3342 1450 3418 tempo

326 3449 587 3528 maximamente
603 3449 721 3531 perche
738 3448 804 3514 mai
831 3447 1000 3516 Venitisni
1026 3469 1090 3512 non
1116 3446 1261 3512 chiesero
1287 3445 1452 3510 selvecon-

326 3555 432 3634 ducto,
449 3555 510 3620 cha
526 3555 607 3622 hore
635 3541 704 3620 eol
729 3564 837 3641 tempo
863 3557 903 3622 de
928 3556 962 3620 lo
979 3575 1096 3638 guerra
1114 3555 1156 3621 da
1182 3553 1329 3633 'Priestc;
1356 3552 1453 3616 credo

325 3661 443 3726 harere
475 3671 565 3729 certa
597 3664 726 3746 notizia,
760 3666 879 3748 perche
906 3664 994 3728 dicto
1021 3661 1256 3728 Ambessotore
1283 3661 1338 3725 dal
1364 3659 1454 3724 dicto

328 3769 487 3852 Unghsro
503 3777 563 3837 etc.
582 3823 589 3839 .
614 3825 621 3840 .
640 3779 658 3838 '.
688 3823 695 3838 .
1005 3779 1007 3784 ’

434 3879 485 3944 Ex
501 3878 621 3949 Gratis
636 3882 689 3947 die
704 3884 808 3964 primo
824 3882 895 3967 Julj
917 3883 1010 3947 1469.

982 4005 1228 4072 Christoforves
1244 4001 1408 4070 Bullatus.

430 4167 557 4232 (missor
571 4170 733 4236 tilemlttr.)

1657 359 1673 610 1

1664 647 1673 918 i

1670 1451 1675 1628 i
