3336 5258
683 391 778 460 1480.
1225 399 1297 464 429

151 591 216 637 nou
244 579 364 641 extare
391 576 620 661 antiquissima
644 581 864 658 monumenta,
889 583 956 644 tam
982 577 1100 644 veteris
1131 598 1295 663 quamque

152 681 294 764 legitimi
323 689 357 750 et
384 685 514 752 honesti
539 684 695 771 Dominij,
726 685 889 770 quomodo
921 707 976 752 vos
1007 687 1227 774 allegaveritis
1256 707 1295 750 ex

152 785 369 859 Cancellaria
385 791 502 878 Vegle,
517 791 551 857 id
567 814 683 878 parum
701 794 789 878 quod
805 794 965 860 attulistis
981 795 1154 879 accepisse,
1164 794 1294 859 mittere

150 897 194 963 ad
210 920 270 966 vos
286 899 555 986 deliberavimus,
570 899 763 985 proVestra
778 902 954 969 sufficienti
969 910 1003 969 et
1017 902 1175 968 distincta
1193 900 1296 967 infor-

150 1009 310 1093 matione,
327 1011 457 1076 inserta
473 1009 629 1094 exempla,
644 1031 703 1094 per
719 1029 781 1093 que
797 1033 862 1078 uon
879 1011 983 1079 solum
998 1011 1190 1095 intelligetis
1206 1008 1296 1075 tituli

149 1120 258 1183 nostri
275 1119 469 1204 precipuum
485 1119 664 1204 equitatem
680 1123 714 1184 et
729 1118 945 1206 honestatem,
959 1120 1017 1187 sed
1041 1125 1238 1188 vetustatem
1263 1125 1296 1185 et

149 1226 397 1312 propemodum
424 1229 634 1294 eternitatem
659 1233 770 1294 nostre
788 1229 1024 1314 possessionis,
1055 1237 1088 1296 et
1118 1229 1295 1295 violentam

149 1336 388 1418 spoliationem
404 1336 509 1421 Regis
525 1336 694 1419 Ludovici,
719 1358 819 1422 quam
844 1339 900 1406 isti
926 1338 1073 1423 allegant
1098 1344 1132 1405 et
1146 1337 1295 1405 introdu-

148 1450 239 1529 cunt,
258 1451 422 1530 tanquam
451 1447 554 1512 solam
579 1447 739 1530 originem
764 1453 797 1512 et
820 1446 1068 1514 fundamentum
1081 1447 1203 1532 jurium
1223 1467 1294 1512 suo·

148 1575 235 1620 rum.
245 1555 449 1638 Intelligetis
459 1561 610 1640 preterea
626 1577 665 1621 ex
679 1555 787 1622 forma
809 1556 1017 1622 consiliorum
1027 1555 1162 1622 Domini
1172 1553 1294 1640 Angeli

149 1661 192 1727 de
210 1661 346 1748 Castro,
362 1669 395 1729 et
410 1664 548 1730 aliorum
564 1663 852 1731 famosissimorum
868 1662 1059 1748 Doctorum,
1075 1665 1132 1749 qui
1148 1685 1292 1731 seorsum

150 1773 194 1839 ab
222 1774 301 1859 ipso
317 1773 462 1842 Domino
480 1774 610 1858 Angelo
636 1776 851 1860 consulentes,
876 1777 910 1841 in
938 1775 1075 1843 eandem
1099 1795 1293 1841 concurrere

151 1883 358 1949 sententiam
385 1888 417 1949 et
434 1884 630 1968 opinionem,
647 1885 809 1968 copiosius
834 1889 868 1950 et
885 1885 1070 1951 distinctius
1095 1882 1292 1949 declaratam

151 1987 197 2053 ab
214 1991 275 2074 eis,
291 1998 451 2074 quantum
477 1993 521 2058 sit
545 1993 676 2078 justicie
702 1999 964 2061 consentaneum.
989 1993 1055 2060 Sed
1080 2014 1120 2058 ex
1145 1991 1293 2058 omnibus

152 2099 330 2182 scripturis
356 2100 540 2184 antedictis,
565 2100 730 2184 colligitur
755 2102 818 2168 hoc
842 2104 1062 2188 summarium,
1079 2104 1111 2168 in
1138 2124 1203 2186 quo
1219 2123 1293 2167 con·

152 2206 248 2272 sistit
279 2208 437 2274 terminus
467 2209 699 2292 contraversie,
729 2216 764 2275 et
795 2210 1040 2294 disceptationis
1072 2211 1106 2274 in
1136 2216 1208 2276 tota
1233 2209 1295 2274 hac

154 2315 310 2381 materia.
337 2315 558 2401 Comparatur
574 2318 661 2383 euim
676 2317 792 2383 modus
807 2319 910 2403 prime
929 2317 1156 2402 acquisitionis
1182 2325 1293 2383 nostre

152 2424 261 2490 totius
284 2421 462 2507 Dalmatia,
485 2431 624 2510 tempus,
656 2448 720 2511 quo
752 2426 843 2492 illam
873 2427 1047 2511 tenuimus,
1077 2431 1111 2492 et
1141 2426 1294 2492 universa

151 2535 266 2616 series,
283 2533 427 2619 ordoque
452 2535 509 2617 rei,
536 2557 610 2602 cum
634 2536 729 2602 modo
755 2537 980 2620 acquisitionis
996 2535 1099 2620 Regis
1124 2534 1292 2616 ludovici,

150 2642 253 2726 primi
270 2646 475 2728 occupatoris
501 2645 663 2730 provintie
689 2645 844 2730 predicte,
860 2651 892 2710 et
917 2665 1136 2714 successorum
1153 2645 1292 2728 Regum,

153 2737 231 2816 cum
255 2757 412 2838 tempore,
429 2757 523 2836 serie,
548 2761 582 2820 et
606 2754 720 2822 ordine
745 2777 804 2821 suo
830 2754 874 2820 ad
898 2755 986 2820 hunc
1009 2773 1113 2836 usque
1138 2752 1233 2833 diem,
1260 2758 1293 2815 et

155 2880 198 2924 ex
218 2861 280 2926 tali
296 2865 541 2948 comparatione
556 2863 628 2929 luce
644 2865 716 2948 ipsa
731 2863 853 2930 clarius
878 2862 943 2942 fiet,
960 2862 1004 2928 od
1029 2868 1140 2928 utrum
1166 2866 1294 2927 nostro·

154 2991 228 3034 rum
262 2969 435 3038 Dalmatia
466 2973 617 3038 universa
647 2978 680 3038 et
708 2978 945 3057 consequenter
975 2970 1082 3037 insula
1107 2968 1222 3054 Vegle,
1252 2977 1290 3036 ut

154 3079 321 3162 particula
346 3080 487 3165 quedam
515 3101 583 3164 sua,
610 3081 650 3148 de
680 3081 755 3165 jure
787 3086 820 3148 et
850 3079 890 3146 de
917 3081 1086 3146 honestate
1118 3079 1291 3163 pertineat.

155 3185 274 3255 Patres
291 3190 392 3255 nostri
411 3211 496 3256 anno
513 3189 629 3256 salutis
646 3189 926 3274 novingentesimo
953 3187 1169 3273 novagesimo,
1197 3186 1291 3254 Duce

156 3293 297 3365 Domino
322 3297 424 3364 Petro
448 3295 578 3364 Orsiolo
606 3297 720 3382 adepti
751 3303 827 3364 suut
861 3296 1041 3364 dominium
1068 3296 1289 3382 suprascripte

156 3409 331 3491 provincie,
357 3406 397 3472 dc
423 3427 583 3473 consensu
608 3411 642 3471 et
666 3406 773 3474 libera
807 3407 974 3472 voluntate
1005 3405 1200 3490 populorum
1232 3427 1292 3471 nos

156 3516 344 3584 vocantium
368 3522 401 3582 et
415 3515 503 3582 ultro
520 3521 700 3600 sponteque
725 3535 795 3580 sese
821 3512 1018 3593 dedentium,
1035 3518 1068 3577 et
1086 3513 1119 3578 iu
1145 3517 1292 3579 nostram

157 3623 313 3692 ditionem
329 3626 430 3709 recipi
448 3623 680 3708 flagitantium,
696 3644 761 3707 quo
785 3643 903 3706 genere
928 3621 1064 3705 dominij
1090 3619 1216 3686 nullum
1242 3625 1293 3686 est

156 3733 191 3797 iu
215 3734 313 3801 terris
339 3733 462 3818 aquius,
487 3731 611 3798 nullum
633 3731 762 3815 justius,
781 3735 839 3795 aut
864 3729 1041 3811 honestius,
1058 3727 1290 3794 naturaliusve.

157 3837 213 3904 Ad
244 3839 431 3927 hujusmodi
470 3839 690 3906 honestissimi
726 3837 860 3922 dominij
895 3836 1111 3921 primordium
1153 3836 1291 3903 accessit

158 3968 343 4033 consensus,
359 3955 393 4015 et
408 3947 592 4034 benignitas
602 3947 832 4032 Imperatoria,
845 3946 1031 4031 Imperator
1047 3944 1134 4010 enim
1143 3943 1292 4028 Alexius,

158 4055 201 4122 ad
220 4077 316 4142 quem
332 4059 500 4143 provincia
516 4057 663 4140 predicta
683 4062 716 4123 et
732 4055 856 4140 relique
873 4076 984 4121 omnes
1001 4054 1045 4120 ad
1061 4051 1293 4120 Constantino·

30 4233 33 4248 ,
158 4165 260 4248 polim
275 4187 386 4251 usque,
401 4188 440 4231 ex
455 4166 642 4232 voluntaria
667 4165 824 4230 divisione
848 4163 939 4231 facta
955 4162 1092 4247 Imperij
1120 4162 1291 4228 orientalis

157 4273 199 4338 ab
215 4273 416 4358 occidentali,
429 4271 647 4360 pertinebant,
657 4273 844 4359 hujusmodj
861 4271 1080 4338 voluntariam
1096 4269 1290 4354 populorum

156 4381 360 4450 deditionem
384 4385 538 4469 probans,
555 4383 736 4468 legitimam
754 4381 833 4448 fecit
847 4380 1071 4466 Imperatoria
1095 4379 1292 4445 auctoritate

156 4500 304 4560 nostram
321 4492 538 4579 adeptionem,
552 4499 586 4558 et
600 4491 742 4570 titulum,
753 4512 934 4575 nomenque
950 4489 984 4555 in
1001 4509 1041 4555 ea
1057 4489 1125 4572 verj
1140 4487 1288 4571 Dominij

156 4601 295 4687 largitus
311 4607 361 4668 est
376 4601 639 4686 progenitoribus
663 4599 794 4681 nostris,
810 4597 844 4664 id
869 4620 934 4665 non
960 4596 1064 4663 solum
1089 4596 1122 4661 in
1152 4595 1290 4666 cronicis
