3340 5260
384 372 449 452 etl
734 405 970 452 oreuounczmr
988 375 1156 482 sunbona.

383 585 423 630 ex
448 563 638 650 (lapitensis
664 566 882 649 submittere,
906 565 1024 632 debeat
1041 587 1114 630 cum
1131 566 1260 632 mittere
1275 589 1347 632 oum
1366 567 1516 650 pecuniis

384 695 448 739 uon
473 674 682 757 paucioribus
699 696 797 759 quam
814 679 944 739 eentum
960 675 1201 758 quinquaginta
1218 674 1361 740 millibus
1378 674 1513 742 ducato·

383 803 465 863 rum,
501 803 573 847 cnm
599 781 715 866 quibus
741 782 886 866 pecuniis
913 787 963 846 tot
978 788 1092 866 gentes
1109 781 1252 848 debeant
1268 782 1418 866 conduci,
1438 789 1520 868 quot

384 889 522 954 conduci
539 896 572 956 et
597 891 800 956 manuteneri
825 895 981 974 poterunt
998 889 1176 954 seeundum
1191 911 1326 972 morem,
1342 898 1516 957 consuetu·

385 990 498 1062 dinem
509 998 746 1083 stipendiorum
762 996 945 1082 Hungarie,
962 1019 1058 1080 quem
1084 997 1215 1080 quidem
1231 997 1450 1082 Oapitnueum
1465 1006 1515 1065 te·

383 1107 477 1172 nebit
502 1129 575 1171 cum
601 1108 804 1192 singulorum
820 1129 980 1172 annorum
998 1107 1145 1190 impensa
1155 1111 1188 1172 et
1203 1107 1366 1192 stipendio
1382 1115 1515 1174 centum

385 1215 501 1299 viginti
527 1215 665 1280 millium
691 1215 867 1280 ducatuum
893 1221 929 1280 ut
956 1236 1064 1298 snpra,
1093 1214 1231 1282 durante
1247 1223 1393 1300 tempore
1409 1217 1514 1299 ipsius

387 1324 475 1389 belli.
492 1325 540 1390 Et
555 1345 572 1388 e
588 1345 751 1406 converso,
768 1324 796 1388 si
812 1323 945 1388 invasus
962 1345 982 1389 a
998 1323 1136 1392 Venetis
1151 1323 1252 1388 fuerit
1268 1325 1434 1408 predictus
1461 1325 1516 1390 Ill.

381 1433 422 1498 D.
447 1431 523 1496 Dux
539 1431 720 1497 Mediolani
736 1437 796 1498 eet.
813 1433 862 1496 vel
878 1438 976 1513 terre,
993 1433 1135 1497 dominia
1151 1438 1186 1497 et
1211 1431 1348 1497 subditi:
1364 1433 1510 1516 preliba-

382 1549 433 1606 tus
450 1539 679 1605 Serenissimus
695 1540 736 1604 D.
755 1540 823 1605 Rex
837 1541 961 1625 juvare,
977 1540 1133 1606 auxiliari
1150 1545 1184 1605 et
1201 1540 1381 1606 subsidiare
1397 1542 1506 1624 ipsum

383 1649 560 1716 Dominum
576 1651 700 1716 Ducem
711 1656 871 1732 teneatur,
888 1651 1064 1734 requisitus
1075 1671 1146 1715 cum
1163 1651 1508 1733 gentibussuisusque

248 1807 257 1827 „
382 1758 426 1824 ad
452 1781 620 1824 numerum
646 1760 792 1843 equitum
818 1765 974 1843 quattuor
999 1759 1136 1824 millium
1161 1765 1193 1824 et
1208 1758 1355 1844 peditum
1372 1759 1512 1824 duonum

381 1865 517 1932 millium
535 1867 716 1951 sumptibus
733 1869 887 1951 impensis
904 1875 936 1933 et
962 1868 1134 1952 stipendiis
1150 1869 1291 1952 propriis
1307 1869 1409 1951 ipsius
1428 1865 1516 1932 S·mi

380 1973 450 2040 Dni
476 1975 578 2058 Regis
603 1976 803 2058 auxiliantis,
837 1997 918 2058 quas
943 1977 1077 2060 qniqem
1103 1983 1216 2059 gentes
1242 1973 1411 2064 etfcopias
1438 1976 1514 2040 mit·

380 2090 451 2149 tere
475 2089 626 2150 teneatur
641 2085 729 2150 intra
745 2085 919 2150 terminum
935 2084 1073 2150 duorum
1105 2085 1263 2152 mensium
1288 2090 1364 2168 post
1388 2083 1514 2149 iactam

379 2191 625 2277 requisitionem
659 2194 701 2258 ad
732 2193 839 2259 locum
855 2216 913 2277 per
929 2193 1035 2278 ipsum
1052 2195 1174 2260 Duum
1200 2191 1327 2258 Ducem
1343 2196 1513 2258 nominan-

381 2299 466 2365 dum.
491 2301 567 2366 Hoc
582 2303 733 2368 similiter
749 2302 861 2368 addito
892 2310 925 2368 et
950 2301 1125 2383 intellecto,
1150 2303 1280 2385 quodsi
1298 2304 1367 2386 ipse
1384 2299 1456 2368 Ser.
1471 2301 1515 2368 D.

380 2406 453 2474 Rex
478 2409 587 2494 potius
604 2411 740 2492 eligeret
756 2417 790 2476 et
813 2409 1011 2480 deliberaret
1039 2431 1136 2474 unum
1161 2433 1200 2475 ex
1232 2407 1424 2494 Capitoneis
1444 2411 1517 2476 suis

382 2537 454 2582 cum
464 2519 617 2601 pecuniis,
640 2520 745 2601 ipsum
772 2510 919 2582 Ill-'mum
936 2517 1058 2583 Dnum
1075 2517 1199 2584 Ducem
1214 2539 1274 2601 pro
1293 2517 1516 2582 conducendis

379 2627 531 2708 gentibus
572 2630 718 2710 mittere,
749 2629 811 2694 boc
835 2629 1038 2710 relinquatur
1078 2627 1239 2708 electioni,
1277 2625 1512 2693 deliberationi

381 2741 414 2799 ct
429 2737 590 2802 voluntati
608 2735 747 2820 predicti
764 2733 844 2801 D·ni
861 2735 972 2818 Regis.
988 2734 1209 2816 intelligendo
1234 2740 1344 2799 tamen
1380 2740 1512 2818 propte·

378 2844 541 2927 rea,quod
557 2844 583 2907 si
594 2843 827 2909 deliberaverit
845 2845 974 2907 mittere
990 2865 1089 2907 unum
1100 2863 1142 2909 ex
1153 2839 1344 2925 Oapitaneis
1362 2843 1438 2924 suia,
1456 2841 1513 2908 de·

380 2950 457 3016 beat
473 2973 545 3016 eum
562 2951 690 3016 mittere
707 2972 780 3016 cum
796 2950 940 3034 pecuniis
956 2971 1020 3015 non
1030 2951 1250 3034 paucioribus,
1266 2970 1365 3033 quarn
1381 2955 1514 3016 centum

383 3059 625 3142 quinguaginta
650 3058 794 3124 millibus
819 3059 1024 3138 ducatorum,
1050 3079 1122 3123 cum
1147 3057 1265 3141 quibus
1290 3058 1437 3142 pecuniis
1462 3064 1539 3139 tot,
1666 3119 1668 3134 ,

379 3173 493 3252 gentes
510 3167 644 3232 conduci
661 3165 810 3246 debeant,
826 3173 906 3250 quot
922 3167 1060 3232 conduci
1086 3171 1242 3249 poterunt
1257 3171 1290 3230 et
1303 3166 1512 3231 manuteneri

381 3274 557 3342 secundum
574 3297 696 3341 morem
713 3281 747 3341 et
763 3276 1032 3342 consuetudinem
1048 3274 1154 3342 Italic.
1171 3273 1277 3359 Quem
1294 3275 1428 3356 quidem
1444 3274 1510 3341 Oa-

379 3385 546 3470 pitaneum
569 3384 695 3449 tenebit
706 3383 774 3467 ipse
799 3385 840 3450 D.
866 3385 937 3449 Rex
963 3405 1035 3450 cum
1060 3381 1263 3467 singulorum
1280 3403 1440 3448 annorum
1459 3383 1515 3448 in·

380 3512 483 3577 pensa
500 3498 532 3556 et
548 3487 708 3575 stipendio
725 3498 853 3558 eentum
864 3494 979 3576 viginti
997 3493 1136 3558 millium
1156 3490 1351 3558 ducatorum
1367 3491 1510 3560 durante

336 3683 339 3690 Ι
381 3609 528 3684 tempore
544 3599 648 3683 ipsius
664 3599 752 3665 belli.

487 3709 573 3773 [tem
589 3708 615 3772 si
632 3708 925 3776 devenircturcasu
941 3709 1054 3790 aliquo
1072 3708 1115 3774 ad
1136 3707 1259 3774 bellum
1274 3711 1390 3774 contra
1405 3703 1514 3776 Vene-

378 3823 439 3900 tos,
454 3818 504 3882 vel
519 3839 578 3901 per
588 3817 784 3900 prelibatum
796 3815 925 3882 Serum
937 3817 1037 3882 D-um
1053 3817 1177 3900 Regem
1194 3815 1245 3881 vel
1261 3836 1320 3899 per
1329 3814 1514 3899 predictum

379 3920 432 3992 lll.
448 3926 624 3992 Dominum
640 3926 774 4006 Ducem,
791 3921 877 4009 quod
894 3925 1025 4008 quidem
1041 3925 1162 3990 bellum
1180 3924 1229 3988 vel
1244 3945 1322 3990 casu
1338 3924 1386 3988 vel
1403 3944 1514 3990 neces·

379 4034 476 4100 sitate
492 4033 662 4099 fieretsine
673 4033 816 4116 consilio,
826 4034 1077 4117 participatione
1095 4034 1144 4099 vel
1160 4032 1416 4098 comunicatione
1433 4031 1515 4098 alto

380 4142 446 4207 rius
462 4142 577 4226 partis,
603 4141 664 4207 hoc
690 4149 757 4208 est:
782 4143 809 4207 si
825 4163 884 4224 per
900 4141 969 4208 Ser.
986 4140 1087 4206 D-um
1108 4141 1231 4225 Regem
1248 4146 1432 4206 moveretur
1448 4141 1517 4206 bel·

376 4247 444 4315 lum
470 4256 584 4316 contra
610 4249 753 4316 Venetos
788 4251 857 4315 sine
882 4251 1136 4334 participatione
1171 4251 1220 4314 rel
1254 4247 1515 4314 comunicatione

377 4355 518 4442 predicti
533 4357 637 4426 Ill-mi
653 4358 732 4424 D-ni
749 4359 852 4424 Ducis
869 4379 947 4424 casu
971 4359 1022 4426 vel
1038 4359 1242 4437 necessitate,
1266 4361 1304 4422 ut
1319 4375 1438 4439 supra;
1455 4363 1517 4421 aut

380 4468 478 4534 etiam
493 4466 696 4532 comunicata
711 4473 745 4533 et
762 4467 948 4533 consultata
964 4467 1088 4552 reipsa
1104 4489 1176 4532 cum
1207 4467 1278 4551 ipso
1296 4465 1385 4531 D-no
1411 4463 1518 4539 Duce,

378 4577 411 4642 in
442 4597 508 4660 qua
530 4574 696 4660 predictus
726 4574 887 4641 Dominus
911 4575 987 4640 Dux
1012 4595 1205 4640 consensum
1232 4594 1325 4640 suum
1341 4594 1406 4638 non
1424 4593 1520 4658 pres·
