3336 5252
654 419 656 427 Α
671 326 733 389 14⁷
738 331 766 391 6.
1215 320 1280 384 345

145 505 179 566 11
195 499 332 565 navibus
349 499 554 586 decumbunt,
571 525 709 587 quorum
727 503 831 588 aliqui
847 503 900 566 vix
916 501 1061 567 evadent.
1086 501 1156 568 Res
1179 501 1282 585 igitur

144 611 293 694 auspicio
304 609 384 679 V-re
402 611 595 677 Sanctitatis
612 613 694 678 bene
709 634 769 696 pro
786 611 929 695 presenti
945 609 1107 695 disposita
1125 613 1185 674 est.
1196 608 1284 675 Nam

145 717 256 800 Regia
271 717 432 803 Majestas
456 719 577 802 incepit
602 721 737 800 vincere,
754 724 788 784 et
804 719 948 785 animum
974 719 1132 804 majorem
1156 740 1196 784 ex
1222 718 1285 784 hac

146 826 285 892 victoria
300 825 438 910 sumpsit
455 833 570 892 contra
594 827 704 894 hostes
730 827 815 895 fidei.
841 826 946 912 Spero
971 827 1004 893 iu
1031 827 1100 893 dies
1117 828 1223 913 magis
1241 849 1280 892 ao

147 935 255 1018 magis
271 933 373 1000 virtus
390 935 491 1000 animi
507 937 557 1001 sui
583 935 861 1018 corroborabitur,
887 937 1026 1001 maxime
1052 958 1124 1002 oum
1145 936 1284 1002 senserit

146 1066 185 1110 re
195 1045 270 1128 ipsa
281 1041 500 1110 Sanctitatem
510 1043 628 1110 Vnam
639 1045 704 1112 Sue
715 1045 885 1129 Majestati
896 1067 960 1110 nou
970 1045 1168 1111 defuturam.
1180 1043 1285 1128 Cujus

145 1151 287 1236 pedibus
303 1151 526 1218 Beatitudiuis
540 1175 592 1217 me
612 1152 778 1219 humiliter
794 1152 960 1235 comendo,
980 1175 1116 1239 eamque
1141 1153 1287 1238 perinco-

147 1259 271 1327 lumem
287 1281 347 1344 pro
364 1259 448 1326 lelici
466 1261 624 1344 regimine
640 1261 774 1327 ecclesie
791 1268 903 1327 sancte
923 1260 987 1327 Dei
1007 1283 1134 1346 semper
1159 1269 1287 1347 exopto.

148 1369 204 1438 Ex
221 1367 350 1435 Castris
364 1367 478 1453 Regiis
495 1368 583 1454 apud
599 1369 730 1454 opidum
748 1367 860 1436 Sabax
870 1369 951 1438 XV.
965 1369 1127 1456 Februarj
1148 1373 1243 1438 1476.

198 1476 238 1544 Β.
254 1476 297 1546 V.
313 1477 504 1546 Sanctitatis
828 1478 944 1544 devota
960 1483 1120 1546 creatura.

704 1583 841 1654 Gabriel
855 1589 1041 1675 Episcopus
1058 1584 1233 1673 Agriensis

262 1696 368 1779 Regia
379 1695 536 1782 Majestas
547 1698 626 1762 milri
642 1697 724 1762 dixit
740 1698 819 1764 istas
835 1703 950 1781 gentes
967 1719 1076 1778 noras,
1092 1719 1155 1782 que
1171 1697 1206 1762 in
1216 1718 1285 1782 pro·

150 1807 278 1894 pinquo
292 1809 361 1891 jam
378 1812 462 1891 snut,
473 1805 660 1888 decrevisse,
670 1807 802 1873 mittere
816 1808 858 1874 ad
875 1805 1110 1874 devastandam
1124 1807 1290 1874 civitatem

152 1915 315 1995 Strinixe,
329 1913 432 1980 latine
458 1910 660 1998 Argenteum
687 1921 845 1996 vocatam,
862 1916 918 1982 nbi
934 1915 1043 1982 fodico
1059 1921 1136 1982 sunt
1162 1915 1234 1982 auri
1257 1919 1290 1981 et

151 2023 295 2108 argenti,
312 2028 479 2107 totamque
496 2024 585 2090 cirea
598 2025 798 2109 provinciam
815 2023 951 2090 multum
968 2025 1098 2109 plenam
1115 2031 1148 2090 11
1164 2023 1291 2090 habita-

151 2140 236 2200 tam.
260 2129 372 2197 Habui
398 2134 496 2198 etiam
522 2131 564 2198 ab
590 2133 852 2217 exploratoribus
885 2133 952 2198 suis
977 2132 1039 2199 hoc
1069 2155 1173 2216 mane,
1203 2133 1291 2216 quod

152 2241 263 2307 Bassa
287 2262 361 2306 oum
389 2238 509 2326 Alibeg
535 2249 689 2327 percepta
713 2242 903 2308 obtentione
935 2243 1033 2328 hujus
1065 2241 1293 2325 arcis,a11imo

153 2351 317 2436 prostrati
341 2351 458 2416 reverti
484 2357 650 2435 ceperunt,
675 2352 808 2436 ipseque
840 2348 962 2435 Alibeg
993 2351 1134 2417 maximo
1166 2358 1292 2416 terrore

153 2465 298 2543 tenetur,
314 2481 354 2524 ne
370 2459 553 2544 Imperator
569 2462 674 2546 ipsum
700 2459 838 2526 occidat.
863 2459 950 2526 Nam
976 2459 1039 2526 hoc
1064 2479 1199 2542 regnum
1223 2459 1293 2539 ipse

153 2567 307 2653 regebat.
322 2569 369 2634 Et
385 2566 470 2633 lorte
497 2568 693 2653 sperandum
719 2575 770 2635 est
795 2577 828 2637 11
852 2567 984 2636 dabitur
1009 2589 1120 2656 opera,
1138 2564 1227 2653 quod
1252 2564 1294 2633 ab
1342 2651 1344 2655 ι

156 2677 371 2762 Imperatore
387 2675 527 2743 deficiat.

269 2839 396 2904 (1111111161
409 2841 571 2906 1111111111.)

651 2989 811 2998 -ῌῂ

166 3389 263 3453 1476.
281 3388 419 3474 1119111
439 3391 556 3452 vdroec
573 3411 595 3452 a
612 3387 765 3452 celenczei
783 3389 876 3474 doqet
892 3413 914 3453 1
935 3389 1156 3476 toronos-satyr·
1182 3353 1298 3474 lippelo-

612 3497 662 3562 rdl
679 3498 850 3583 tuddoitjo.

222 3745 226 3754 ¹
273 3653 487 3722 Serenissime
498 3653 655 3742 Princeps
666 3663 700 3724 11
716 3655 851 3737 Ero-me
866 3658 953 3724 D·ne
968 3657 1056 3724 D-ne
1072 3659 1299 3727 observandis·

163 3767 258 3832 sime.
269 3765 351 3832 Post
367 3765 583 3832 humillimam
600 3767 924 3833 commendationem.
942 3767 1097 3850 Accipiat
1113 3768 1300 3834 summatim

163 3871 338 3941 Celsitudo
353 3873 485 3959 Vestra,
503 3897 565 3959 qne
582 3872 741 3942 Oratores
762 3878 869 3942 nostri
885 3873 1173 3962 Constantinopoli
1190 3899 1301 3961 repor-

162 3989 288 4050 tarunt.
305 3982 347 4048 In
363 3983 470 4050 Ponto
496 3986 635 4068 Euxiuo,
652 4007 747 4070 quem
764 4007 853 4052 mare
869 3986 974 4070 majus
992 3993 1117 4070 vocant,
1133 3994 1300 4053 transacto

165 4115 255 4160 anuo
272 4093 403 4161 luerunt
420 4093 601 4160 Turcorum
619 4095 690 4161 rela
708 4092 879 4162 CCCC40.
896 4091 1021 4160 Classis
1045 4094 1105 4161 heo
1117 4092 1302 4166 ,1118111111-

164 4203 231 4268 tati
256 4207 369 4268 notum
394 4207 454 4284 est,
482 4199 632 4287 Capham
657 4203 743 4288 oepit
768 4225 841 4268 oum
868 4203 941 4268 aliis
958 4207 1082 4287 septem
1098 4203 1214 4287 opidis,
1238 4225 1301 4286 que

166 4308 282 4394 Caphe
298 4309 432 4377 subdita
448 4316 551 4375 erant.
568 4309 774 4395 Quingentas
790 4310 1006 4376 Januensium
1023 4316 1056 4376 et
1072 4312 1210 4376 aliorum
1227 4311 1302 4378 lati·

165 4439 284 4483 norum
299 4419 443 4485 familias
460 4419 577 4504 Capha
595 4419 917 4504 Constantinopolim
942 4421 1087 4505 migrare
1109 4420 1210 4505 jussit
1234 4427 1302 4486 tru-

165 4526 318 4594 culentus
334 4527 447 4612 drago.
463 4525 560 4613 Cepit
575 4529 708 4613 iusuper
734 4529 798 4594 duo
823 4528 868 4595 ad
885 4528 1025 4596 Tanaim
1040 4527 1303 4598 Christianorum
