3334 5276
633 289 638 295 ’
730 301 823 401 iser.
1048 299 1049 302 Ὺ
1306 339 1347 404 33

214 513 253 576 13
272 517 378 595 questi
396 514 604 600 travagli,da
621 515 643 579 11
661 516 751 596 quali
767 536 831 578 333
849 517 874 578 si
892 536 971 580 sano
987 514 1181 598 disbrr'gare,
1208 535 1247 580 ne
1274 536 1349 580 333-

214 621 347 705 sultsre,
364 625 438 689 licet
455 624 594 688 secondo
610 624 634 688 11
650 625 715 686 mio
733 624 836 706 pocho
854 645 977 707 sapere,
988 625 1019 688 io
1030 623 1115 706 dago
1132 623 1194 688 bon
1211 623 1340 688 ricordo

215 750 237 794 3
253 731 423 814 3111333113,
439 754 491 797 me
508 753 546 796 ne
562 731 657 816 perle
675 741 708 797 et
725 731 823 796 (113311
840 735 915 796 oosi.
944 731 980 797 Si
1006 731 1115 796 hereti
1141 733 1258 815 animo,
1287 733 1347 798 ohe

213 836 423 904 Bartolomeo
447 847 554 922 torna,
578 839 733 904 sitiretivi
756 838 797 902 (13
823 837 906 903 13311
933 839 1046 903 311313
1071 844 1103 902 et
1128 839 1248 923 favore,
1263 859 1344 923 pero

211 947 275 1010 ohe
307 947 337 1013 lo
364 948 457 1013 oeldo
482 949 522 1013 de
548 955 662 1031 questo
691 946 844 1030 Signorio
869 949 900 1012 lo
926 948 960 1012 13
976 946 1142 1030 escendere,
1160 953 1193 1012 et
1210 949 1341 1032 quando

213 1063 331 1134 questo
348 1076 421 1137 non,
438 1055 862 1137 113313131131133131183,
880 1055 938 1119 ohe
957 1076 1049 1120 como
1076 1061 1169 1120 sento
1186 1063 1301 1139 questo
1319 1057 1344 1120 11

214 1162 328 1228 venire
344 1163 454 1228 33313
470 1164 542 1228 1333
560 1163 593 1228 31
609 1161 703 1228 33113.

302 1267 306 1280 ’
326 1288 375 1353 Lo
391 1288 518 1373 Legsto
534 1287 588 1354 del
603 1287 699 1372 Papa
716 1289 763 1354 eri
779 1287 904 1352 matina
921 1287 1006 1353 3313
1022 1288 1064 1354 do
1077 1289 1110 1354 13
1123 1288 1277 1372 Signoria
1293 1291 1348 1357 313

212 1397 399 1480 improvisa,
414 1419 432 1462 e
448 1396 529 1462 dove
546 1397 579 1462 13
592 1395 747 1480 Signoria
763 1397 871 1462 solers
887 1395 991 1462 ander
1002 1395 1045 1462 13
1060 1397 1126 1482 luy,
1142 1399 1166 1464 il
1183 1400 1274 1464 viene
1289 1399 1346 1482 luy

212 1505 248 1567 in
274 1503 399 1570 Ρ31333
425 1504 545 1588 quello,
570 1503 642 1569 ohel
668 1505 854 1588 proponesi‚
886 1503 931 1570 fin
948 1526 1014 1588 qus
1039 1527 1103 1571 333
1119 1505 1151 1572 13
1167 1511 1284 1590 posuto
1301 1507 1348 1570 in-

211 1613 340 1698 133113,
355 1613 472 1697 perche
489 1633 555 1680 non
570 1635 621 1678 me
638 1634 735 1697 posso
759 1612 920 1678 aboohare
946 1633 967 1677 3
991 1614 1056 1678 mia
1081 1621 1185 1697 posta,
1209 1635 1267 1680 oon
1293 1615 1346 1679 ohi

212 1720 360 1803 bisogna,
377 1722 418 1787 ho
437 1721 516 1786 bene
532 1723 646 1804 inteso,
663 1721 735 1786 ohel
753 1718 848 1800 Papo,
864 1721 890 1784 si
907 1719 1049 1786 1333313
1075 1729 1107 1786 et
1123 1722 1218 1787 duole
1235 1743 1347 1806 grave-

212 1835 322 1893 mente
339 1829 379 1894 de
395 1835 510 1912 questa
527 1827 690 1912 signorm,
708 1827 816 1894 ohein
832 1828 864 1893 13
888 1829 955 1894 cito
979 1827 1019 1892 he
1047 1837 1177 1895 menate
1204 1852 1262 1914 per
1287 1831 1346 1895 lin·

212 1957 288 2018 gua,
304 1944 337 2001 et
353 1935 441 2002 dioto
457 1938 566 2021 quello
581 1938 622 2004 13
638 1958 697 2004 sua
715 1935 875 2018 83331113,
891 1935 949 2000 ohe
967 1934 1006 2000 de
1018 1957 1083 2001 uno
1095 1935 1225 2003 sachino
1242 1958 1258 2001 e
1276 1940 1346 2002 cusi

212 2046 277 2108 tuti
294 2044 318 2108 li
334 2042 504 2110 Oerdinali
521 2052 555 2109 et
570 2045 696 2111 Prolati
714 2045 753 2109 de
770 2044 885 2122 Roma,
904 2041 985 2107 dove
1011 2042 1043 2107 lo
1059 2045 1216 2126 consiglio
1242 2045 1281 2110 de
1307 2045 1343 2110 X

211 2173 299 2216 3333
315 2151 400 2217 facto
417 2155 644 2219 commendare
660 2155 693 2217 in
703 2151 809 2233 rialto,
827 2151 887 2218 che
902 2150 1002 2215 niuno
1018 2151 1113 2234 perla
1123 2173 1163 2217 ne
1174 2153 1227 2218 del
1239 2152 1345 2238 Papo,

210 2281 254 2324 ne
271 2261 311 2324 de
328 2263 426 2326 niuno
442 2263 527 2326 altro
554 2261 703 2348 signore,
729 2265 778 2326 sia
804 2259 861 2325 ohe
887 2257 995 2341 voglio
1022 2267 1080 2324 ete.

320 2388 349 2452 11
376 2389 508 2453 Turoho
533 2410 591 2472 per
617 2395 721 2471 gente,
746 2388 806 2453 ohe
834 2405 980 2470 vongeno
1006 2384 1046 2449 de
1072 2384 1228 2470 Albania,
1245 2388 1272 2452 si
1289 2390 1342 2453 die

210 2496 257 2561 hs
273 2497 427 2562 mandato
446 2496 543 2561 molto
560 2503 657 2580 gente
674 2498 709 2561 in
725 2495 879 2581 Albanio,
894 2522 947 2566 ms
971 2499 1004 2565 13
1028 2518 1168 2583 persona
1193 2518 1253 2561 sua
1279 2519 1342 2560 333

209 2605 255 2670 113
272 2626 371 2670 aneos·
388 2613 492 2689 33313,
509 2607 537 2670 si
554 2606 674 2671 extimo
690 2627 749 2689 per
763 2607 797 2672 13
815 2610 953 2673 33133113
979 2609 1019 2673 he
1044 2609 1077 2671 13
1103 2605 1215 2690 quello
1241 2625 1339 2688 paese

209 2713 356 2795 bisogna,
381 2714 439 2779 ohe
457 2722 590 2798 aspecta
606 2714 629 2778 li
646 2715 737 2797 gravi
753 2717 835 2796 novi,
852 2715 885 2780 13
896 2716 1051 2801 Signoria
1067 2715 1153 2780 tiene
1170 2715 1200 2779 le
1216 2713 1341 2779 novelle

209 2819 252 2885 de
269 2819 406 2888 Levanti
422 2824 523 2888 313113
541 2823 656 2904 celato,
673 2822 713 2887 he
729 2829 835 2889 morto
853 2824 886 2887 in
912 2823 946 2889 13
962 2823 1076 2891 Moree
1092 2823 1125 2888 lo
1141 2823 1341 2889 conestabile

209 2929 252 2994 de
270 2930 299 2994 le
316 2952 373 2995 sue
389 2937 496 3014 gente,
513 2931 593 2996 hove
620 2929 651 3000 V
668 2929 1158 3013 33313133113131333313333,
1176 2931 1343 2996 chiamato

207 3037 419 3104 Franoescho
437 3039 480 3105 13
496 3039 611 3105 111333.
628 3037 752 3106 Vostrs
766 3039 973 3107 Excellentia
987 3062 1052 3106 333
1061 3061 1103 3124 po
1119 3039 1215 3106 salire
1235 3046 1340 3106 33131·

207 3148 268 3230 piu
283 3155 460 3231 preparate
477 3169 538 3212 333
556 3147 586 3213 13
602 3153 707 3230 gente,
724 3149 750 3212 si
767 3171 809 3236 po
826 3170 885 3232 per
901 3151 989 3215 omni
1006 3150 1146 3233 rispeoto
1172 3148 1212 3214 de
1229 3145 1337 3232 quello

208 3255 334 3321 sentiro
359 3257 416 3338 piu
441 3256 531 3321 ultro
556 3255 597 3319 de
622 3275 751 3339 guerra,
779 3255 822 3320 ho
848 3256 888 3321 de
913 3278 1003 3341 paee,
1029 3279 1069 3322 ne
1087 3257 1168 3322 doro
1186 3256 1342 3320 notitiae

207 3361 336 3434 vostra
361 3361 574 3444 Oelsitudine,
600 3363 654 3428 313
679 3363 757 3448 quel
787 3385 838 3430 me
863 3364 1058 3434 ricomondo.
1092 3365 1233 3436 Venetia
1259 3361 1342 3433 VII.

205 3470 302 3552 Junij
322 3472 417 3534 1467.

254 3598 293 3662 Ε.
310 3595 350 3664 V.
369 3595 421 3662 Ill.
437 3597 515 3662 Erro.
927 3596 1134 3667 fidelissimus
1150 3598 1296 3667 Sorvitor
1313 3601 1315 3606 ’

932 3707 1102 3777 Gererdus
1118 3707 1158 3775 de
1175 3707 1286 3775 Collis.

317 3865 532 3954 Postsoripts.
558 3868 649 3937 Sono
675 3875 761 3936 stato
788 3867 831 3936 da
847 3870 878 3935 lo
896 3870 1023 3954 Legato
1049 3879 1082 3936 ot
1106 3893 1158 3938 me
1180 3871 1225 3937 ho
1242 3872 1339 3951 dioto,

205 3975 282 4040 ohel
297 3976 389 4060 Papa
404 3979 566 4046 mandere
582 3980 625 4044 13
640 3977 852 4046 Bertolomeo
866 4001 930 4046 uno
949 3979 1132 4048 Secretorio
1160 3981 1200 4044 13
1216 3979 1248 4047 13
1274 3979 1339 4045 Im-

206 4091 367 4169 peratore,
382 4109 446 4154 333
463 4087 517 4153 (131
531 4087 582 4155 Re
599 4087 638 4154 (13
653 4087 794 4172 Prome,
810 4093 843 4153 et
857 4089 912 4154 del
927 4089 978 4156 Re
995 4087 1036 4154 (13
1052 4089 1202 4171 Ungoria
1218 4087 1336 4168 adirli,

206 4193 269 4258 che
293 4193 380 4260 lassa
404 4196 437 4260 13
462 4197 613 4280 impresa,
639 4219 656 4262 3
681 4198 709 4264 si
735 4217 798 4262 333
824 4197 856 4263 13
872 4196 914 4279 se,
931 4197 1002 4262 ohel
1019 4196 1114 4282 Papa
1129 4197 1201 4261 fare
1219 4215 1282 4280 poy
1300 4195 1333 4259 lo

207 4300 326 4368 offerto
343 4303 384 4369 de
400 4305 464 4370 bon
480 4305 631 4386 Pastore,
648 4308 680 4369 13
698 4327 790 4371 sume
807 4308 833 4370 si
858 4307 890 4370 13
916 4303 1011 4390 Papa
1035 4307 1105 4372 vole
1131 4306 1219 4370 omni
1245 4324 1339 4368 oossa

206 4412 234 4474 si
252 4411 420 4496 adoptero.
438 4413 561 4480 Datum
577 4421 614 4479 ut
629 4417 662 4478 13
680 4415 805 4479 litteris.
833 4411 957 4498 Questa
981 4415 1016 4480 fu
1032 4413 1066 4480 13
1082 4433 1213 4496 carone,
1229 4413 1289 4478 ohe
1306 4411 1339 4476 lo

207 4521 336 4604 legato
353 4523 438 4589 3313
454 4525 502 4589 eri
518 4523 558 4588 de
574 4523 607 4588 13
625 4521 790 4608 Signoria.
