3336 5258
676 358 770 424 1480.
1222 359 1288 424 433
1433 307 1437 318 ·

162 538 263 602 etiam
279 537 418 622 Regina,
434 537 462 602 si
477 537 604 602 visitari
620 558 640 601 a
655 535 747 601 vobis
762 537 908 620 voluerit,
928 543 962 603 et
977 539 1126 604 omnibus
1141 540 1291 606 Dominis

156 644 353 728 Batonibus¹
370 645 424 729 qui
450 645 483 708 in
514 645 606 711 ouria
632 651 718 726 sunt,
733 667 797 710 non
825 645 927 710 solum
952 647 1100 728 visitatis,
1116 647 1290 714 sedetiam

157 753 349 838 propiciatis
366 759 525 837 quantum
548 750 619 818 fieri
645 758 762 836 potest,
787 753 821 817 in
846 753 932 819 bona
957 755 1065 838 gratia
1089 753 1233 822 redeatis
1257 758 1291 821 in

157 861 318 945 patriam3
346 884 457 928 verum
481 861 566 926 inter
590 861 789 944 loquendum
820 866 853 926 et
885 861 1115 928 eonferendum
1140 864 1174 928 in
1205 865 1290 930 diem

157 971 304 1037 nitemini
337 971 508 1039 extrahere
533 970 575 1038 ab
601 971 673 1036 istis
691 969 897 1057 Consiliarijs
913 971 1029 1058 Regijs
1055 979 1088 1038 et
1112 995 1134 1038 a
1159 973 1291 1057 quibus·

158 1101 285 1163 cunque
310 1086 343 1146 et
368 1081 657 1166 quomodocunque
683 1081 816 1164 possitis
841 1084 945 1146 totum
963 1081 998 1146 id
1013 1082 1187 1164 rationum,
1204 1080 1292 1164 quod

158 1187 279 1256 habere
296 1191 494 1274 pretendunt
509 1189 544 1255 in
560 1189 745 1274 oppositum
761 1189 926 1254 rationum
943 1195 1138 1273 nostrarum,
1156 1197 1188 1256 et
1203 1192 1287 1275 quio·

158 1297 239 1379 quid
255 1297 346 1364 aliud
361 1297 491 1364 haurire
506 1297 654 1383 potestis,
669 1303 707 1362 ut
723 1297 1008 1364 informetissimus
1023 1321 1133 1365 rerum
1149 1298 1292 1366 omnium

159 1404 203 1471 ad
217 1407 422 1491 propositum
437 1407 625 1474 facientium
641 1406 782 1473 redeatis
799 1406 842 1472 ad
858 1429 924 1474 nos.

268 1513 749 1598 †1sa-e—a

271 1697 428 1758 (Velenozei
440 1699 620 1762 allamkonyv
634 1702 693 1750 112.
707 1699 737 1762 1,)

647 1878 807 1886 -ή--κ

691 2119 765 2180 aas.
781 2095 784 2102 ’

164 2299 262 2364 1480.
280 2295 307 2360 Α
324 2297 476 2362 veleaezei
492 2299 748 2365 attentandam
765 2296 918 2364 korbooai
940 2296 1020 2384 prdf
1033 2297 1220 2378 bdoeteiaela
1236 2297 1294 2361 kik

160 2407 309 2471 arokaak
326 2429 345 2468 a
363 2409 516 2473 veleaozei
531 2409 742 2492 kbztdraaad]
765 2407 978 2492 forbato'edqa
995 2405 1053 2470 alo
1070 2405 1296 2490 ajdnlleoaa‘edt

156 2513 291 2598 jadertib
311 2515 540 2582 dabadiezerek
555 2518 772 2584 odsdrldsdra
790 2515 952 2602 eapede'lyt
968 2513 1085 2579 ke'rnek
1100 2536 1111 2576 .·
1128 2535 1167 2577 aa
1184 2513 1294 2598 ujctal·

239 2623 377 2689 irozdara
394 2625 611 2712 elotaaitdlop,
626 2650 648 2689 o
664 2624 859 2690 vdsdrldaru
875 2623 1005 2688 bedeese
1021 2621 1145 2686 odiosas
1162 2621 1216 2685 ud.

163 2797 831 2887 MOOOOLXXX.dieXX111.Junij.

164 2926 336 3013 Sapientes
356 2928 494 3016 Consilij
545 2931 547 3013 Ι
641 2931 735 2998 Misit
760 2933 803 2999 ad
828 2936 976 2998 nostrum
995 2929 1186 2997 Dominium
1201 2927 1297 3010 Mag·

164 3035 335 3122 Sapientes
354 3044 376 3104 t.
392 3038 415 3103 f.
544 3039 547 3151 ;
595 3038 708 3106 nifieus
733 3039 851 3107 Comes
868 3041 1015 3107 Joannes
1032 3036 1193 3104 (lorbavie
1213 3033 1298 3102 Ora·

164 3143 337 3228 Sapientes
355 3147 517 3214 Ordinum
544 3170 547 3230 i
595 3153 685 3216 tores
710 3168 794 3229 suos,
819 3146 937 3232 quibus
963 3144 1125 3212 declarari
1144 3144 1223 3210 feeit
1240 3141 1299 3208 Se·

164 3257 371 3321 senissimum
386 3239 559 3339 Hune—ade
575 3255 702 3340 Regem
718 3256 778 3322 sub
794 3257 858 3321 fide
875 3255 1008 3340 publiea
1022 3275 1083 3338 pro
1109 3275 1142 3317 se
1171 3252 1298 3317 misisse

165 3383 213 3442 eo,
230 3362 319 3447 quod
334 3385 393 3448 per
409 3365 493 3430 viam
509 3365 767 3449 permutationis,
785 3371 842 3430 aut
858 3365 1035 3448 cujuspiam
1062 3360 1154 3428 aliud
1170 3381 1298 3444 eompo·

165 3471 299 3562 nimenti
317 3478 443 3539 statum
459 3494 551 3539 suum
577 3473 699 3540 habere
725 3475 843 3558 cupiat,
860 3493 955 3556 quem
976 3469 1056 3558 lieet
1083 3469 1174 3535 nullo
1201 3473 1298 3553 paeto

166 3581 310 3646 alienare
325 3581 483 3665 intendat,
500 3605 560 3668 pro
577 3580 812 3648 dissimulando
836 3586 948 3646 tamen
965 3601 1038 3645 oum
1062 3577 1149 3645 illius
1168 3577 1297 3644 Sereni-

165 3693 234 3754 tate
249 3689 335 3755 male
351 3695 520 3757 contentus
535 3691 699 3776 proficisci
716 3689 839 3755 statuit.
858 3684 905 3753 At
921 3686 1082 3771 quomodo
1102 3692 1214 3752 nostro
1231 3681 1299 3748 Do-

166 3797 266 3863 minio
283 3798 506 3883 potiusquam
521 3801 608 3885 Regi
631 3799 696 3884 ipsi
712 3796 870 3864 adherere
886 3798 985 3881 eupit,
1001 3799 1094 3880 petit,
1110 3801 1147 3860 ut
1174 3815 1217 3876 se,
1235 3798 1301 3858 sta-

166 3909 302 3987 tumque
329 3926 422 3971 suum
447 3907 506 3973 sub
531 3913 644 3975 nostra
670 3906 872 3992 protectione
890 3905 1037 3989 aooipere
1062 3903 1216 3984 velimus;
1241 3921 1301 3964 nee

65 4035 69 4040 ·
167 4011 250 4079 alios
265 4019 439 4098 propterea
454 4036 474 4082 a
490 4021 604 4083 nostro
620 4013 774 4082 Dominio
791 4013 874 4080 velle
890 4013 1027 4096 favores,
1043 4033 1142 4094 quam
1158 4009 1302 4094 proprijs

166 4122 314 4209 peounijs
339 4125 534 4192 munitiones
559 4147 577 4191 e
597 4125 680 4192 loeis
696 4124 825 4207 nostris,
842 4124 904 4190 hoe
920 4129 970 4189 est
985 4120 1022 4186 X
1038 4123 1071 4187 in
1087 4116 1165 4184 XII
1181 4117 1303 4185 barilia

165 4233 305 4319 pulveris
336 4256 356 4300 a
387 4233 569 4302 bombarda
598 4239 633 4301 et
655 4233 807 4301 ballistas
833 4231 911 4297 XX
936 4232 971 4296 in
995 4227 1105 4299 XXV
1132 4226 1304 4311 expostari

164 4343 275 4411 facere
300 4365 402 4429 posse,
428 4365 467 4411 eo
495 4343 583 4428 quod
607 4365 665 4429 per
682 4341 747 4409 Dei
773 4341 916 4428 gratiam
940 4361 1000 4426 per
1015 4338 1124 4418 situm,
1149 4341 1303 4403 naturam

166 4453 313 4519 locorum
330 4475 463 4518 suorum
479 4452 521 4516 sit
537 4451 599 4517 sibi
616 4453 742 4518 animus
767 4451 808 4517 ab
833 4451 935 4534 ipsius
959 4447 1063 4532 Regis
1087 4443 1305 4512 infestationi-

164 4559 225 4624 bus
242 4559 301 4624 illa
317 4562 383 4624 suis
401 4561 528 4627 viribus
545 4560 639 4624 tueri.

212 4697 275 4732 loli.
291 4695 372 4732 nouo.
388 4695 456 4732 HIST.
474 4704 518 4714 ·“
535 4695 603 4732 ACTA
633 4698 695 4734 BX'l'.
712 4698 738 4734 V.
1165 4667 1197 4712 28
