3356 5266
691 392 786 455 1466.
1244 389 1305 452 151

174 568 331 654 Surorum,
346 592 410 637 non
428 591 530 654 secus,
545 591 645 656 quam
670 575 816 636 nostram
841 569 1071 651 existimamus,
1097 589 1157 634 nec
1181 569 1308 652 gratius

174 679 353 763 quiequam
378 679 560 762 intelligere
586 679 809 762 potuissemus,
841 698 938 760 quam
963 682 1000 740 ut
1023 677 1193 760 potiantur
1219 676 1308 742 dicta

172 809 236 853 sua
253 787 385 854 civitate
405 785 520 871 Segne,
535 809 595 870 pro
613 785 705 870 cujus
721 785 965 870 recuperatione
979 783 1132 868 quioquid
1153 784 1310 865 fecerunt,

174 895 378 982 facientque:
396 898 459 962 erit
475 895 621 981 profecto
636 895 802 962 laudabile
828 901 860 960 et
876 894 1154 960 commendatione
1174 893 1309 976 dignum

172 1003 265 1088 apud
279 1005 387 1070 Deum
404 1011 437 1070 et
451 1003 606 1070 homines.
629 1001 702 1070 Nec
726 1008 798 1070 erat
824 1003 1003 1086 quisquam,
1029 1003 1084 1086 qui
1106 1001 1180 1086 jure
1204 1003 1310 1085 possit

172 1109 372 1198 improbare,
387 1117 426 1180 ut
442 1113 484 1180 ab
510 1113 759 1198 occupatoribus
783 1112 950 1178 vindicent
973 1132 1042 1176 rem
1066 1131 1167 1196 suam,
1182 1109 1245 1176 hoc
1260 1115 1311 1175 est

172 1222 286 1288 sedem
300 1219 495 1289 Dominatus
524 1221 583 1304 sui,
598 1226 632 1287 et
648 1222 807 1306 majorum
824 1241 957 1288 suorum
973 1218 1161 1288 dulcissima
1177 1219 1309 1286 incuna-

171 1329 272 1412 bula;
297 1351 355 1396 nec
380 1328 572 1412 dubitamus,
598 1329 693 1395 sicuti
715 1329 784 1413 jum
810 1332 975 1412 ceperunt,
1000 1329 1028 1394 si
1044 1325 1250 1394 concorditer
1274 1332 1309 1394 et

171 1435 433 1524 magnanimeZse
448 1438 635 1506 habebunt:
650 1444 688 1502 ut
700 1437 838 1503 feliciter
855 1437 964 1502 omnia
980 1437 1027 1502 eis
1053 1435 1243 1517 succedant3
1266 1436 1310 1502 ad

174 1567 277 1630 quam
301 1545 508 1613 concordiam
524 1553 559 1612 et
574 1547 724 1612 unionem
740 1546 791 1610 his
816 1551 850 1609 et
875 1546 950 1630 alijs
976 1544 1084 1609 verbis
1101 1546 1309 1628 quantumin

173 1655 269 1722 vobis
294 1663 352 1736 est,
377 1656 595 1724 exhortemini
620 1655 887 1739 Magnificencias
913 1653 1007 1738 Suas,
1031 1653 1309 1736 declarabitisque

175 1763 384 1846 desiderium,
399 1770 610 1847 nostrumque
627 1765 767 1830 studium
782 1761 923 1830 faciendi
939 1763 1056 1842 omnia,
1067 1783 1128 1844 que
1138 1761 1273 1826 honeste
1290 1781 1310 1824 a

175 1872 273 1938 nobis
282 1873 343 1938 hoo
352 1880 497 1956 tempore
508 1873 577 1938 fieri
587 1879 742 1958 poterunt
758 1875 790 1938 in
808 1873 1052 1938 conservatione
1069 1875 1173 1936 status
1188 1869 1255 1950 sui;
1271 1875 1305 1934 et

175 2003 221 2046 ne
236 1982 282 2046 eis
297 1982 448 2061 desimus,
465 1980 636 2046 scribimus
663 1979 859 2047 Rectoribus
885 1982 1004 2046 nostris
1029 1981 1169 2048 istarum
1191 1973 1310 2043 insula·

176 2111 253 2154 rum
277 2089 497 2172 finitimarum,
522 2095 560 2154 ut
591 2087 795 2156 satisfaciant
824 2085 1091 2174 requisitionibus
1122 2085 1239 2150 vestris
1270 2083 1311 2150 de

177 2199 416 2265 munitionibus
442 2203 475 2263 et
498 2197 595 2262 rebus
621 2197 814 2264 victualibus
845 2219 904 2282 pro
936 2197 1180 2262 conservatione
1205 2199 1311 2260 status

176 2307 339 2373 dictorum
355 2305 572 2372 Dominorum
593 2328 653 2389 per
678 2305 819 2372 medium
838 2305 942 2372 insule
959 2304 1073 2389 Vegle,
1099 2303 1311 2388 gubernando

176 2437 250 2480 rem
265 2417 370 2500 istam,
386 2423 508 2498 quanto
524 2416 650 2482 cautius
667 2421 700 2480 et
714 2416 906 2499 prudentius
921 2413 1031 2480 facere
1046 2413 1216 2498 poteritis;
1233 2411 1311 2476 deli-

176 2525 362 2621 beravimus
378 2525 509 2608 insuper
525 2525 666 2590 scribere
682 2523 854 2590 inefficaci
870 2523 976 2590 forma
992 2519 1125 2588 Oratori
1140 2527 1253 2586 nostro
1269 2517 1312 2584 ad

178 2633 432 2728 §eranissimum
442 2633 621 2698 Dominum
630 2633 757 2716 Regem
773 2633 953 2717 Hungarie,
964 2639 997 2697 et
1012 2631 1172 2715 replicare
1187 2629 1312 2692 insten-

178 2745 262 2808 tiam
286 2749 441 2824 nostram,
466 2747 505 2806 ut
527 2747 740 2825 acceptentur
765 2741 807 2805 ad
833 2743 975 2826 gratiam
1001 2739 1213 2823 aMajestate
1233 2733 1312 2802 Sua

178 2849 360 2916 Scribimus
377 2871 514 2934 namque
541 2849 717 2915 Sanctitati
742 2849 921 2933 Pontificis,
946 2848 1174 2932 supplicantes,
1199 2849 1237 2910 ut
1258 2864 1312 2908 res

180 2961 304 3023 iterare
324 2957 477 3038 dignetur
493 2955 730 3022 efficacioribus
756 2955 863 3021 verbis
888 2955 973 3040 Regi
998 2951 1126 3038 prefato
1144 2949 1313 3036 negotium

179 3067 343 3133 dictorum
357 3065 594 3146 Dominorum3
612 3071 644 3131 et
660 3065 709 3130 ita
726 3063 766 3130 de
783 3071 930 3150 tempore
946 3064 979 3128 in
995 3069 1133 3146 tempus,
1153 3067 1313 3144 quantum

178 3197 240 3261 per
265 3196 323 3242 nos
347 3175 485 3242 honeste
508 3173 578 3239 fieri
610 3173 741 3258 poterit,
770 3194 836 3238 non
860 3171 1130 3256 pretermittetur,
1156 3155 1311 3252 quicquid

180 3283 329 3350 conferre
360 3284 478 3350 hebeat
508 3283 607 3348 saluti
642 3288 674 3346 et
708 3281 944 3348 conservationi
977 3285 1083 3345 status
1117 3279 1176 3344 sui.
1206 3277 1252 3343 Et
1283 3277 1311 3342 si

178 3394 428 3480 recuperabitur
455 3392 569 3458 civitas
595 3391 700 3475 Segne
725 3391 902 3458 auxiliante
917 3390 997 3473 Deo,
1023 3409 1198 3472 speramus,
1223 3385 1310 3471 quod

179 3505 267 3569 tales
282 3501 481 3586 provisiones
496 3499 583 3582 fient,
595 3498 683 3583 quod
693 3500 727 3563 in
737 3499 881 3565 firturum
896 3519 962 3563 non
977 3496 1129 3562 dubitare
1143 3493 1311 3560 habebunt

181 3612 224 3678 de
244 3609 332 3676 dicta
357 3609 496 3674 civitate.
510 3606 723 3686 Munitionea
739 3629 821 3692 quas
836 3606 914 3672 hinc
932 3605 1214 3690 impresentiarum
1240 3603 1314 3666 mit-

179 3723 279 3787 timus
295 3719 444 3802 Veglam,
460 3738 537 3784 casu
553 3739 616 3802 quo
642 3738 707 3782 non
733 3722 1006 3795 consumerentur,
1025 3720 1083 3779 aut
1099 3713 1139 3778 de
1156 3713 1201 3776 eis
1218 3731 1311 3797 supe-

181 3837 320 3912 ressent,
345 3833 466 3912 curate,
489 3835 527 3893 ut
551 3827 725 3894 mittantur
750 3834 783 3892 et
802 3827 999 3892 collocentur
1014 3827 1048 3890 in
1064 3823 1204 3888 insulam
1219 3819 1313 3886 Arbi.

185 3941 231 4005 Et
247 3961 286 4004 ex
301 3958 387 4002 nunc
403 3957 534 4020 capsum
550 3937 603 4017 sit,
618 3942 656 4001 ut
671 3937 846 4000 mittantur
867 3931 1007 4018 Veglam
1023 3933 1172 4016 pulveres
1188 3951 1209 3994 s
1224 3929 1313 3995 bom·

184 4045 292 4112 barda
308 4053 342 4110 et
357 4043 420 4109 alie
436 4042 643 4123 munitiones,
660 4043 757 4108 sicuti
773 4041 920 4126 Collegio
930 4038 1101 4106 videbitur.

293 4155 346 4221 De
361 4157 456 4238 parte
546 4189 591 4200 --
638 4155 712 4218 lav.

293 4262 347 4330 De
362 4283 426 4328 non
546 4301 589 4314 -
682 4266 710 4325 6.

294 4371 370 4438 Non
387 4373 505 4438 sinceri
547 4407 589 4418 -
682 4376 710 4435 8.

297 4538 333 4600 (V
334 4539 359 4588 el
366 4536 457 4589 enczei
470 4535 649 4600 bllamkbnyv
661 4533 861 4585 Deliberationi
874 4532 984 4582 secrete
997 4531 1042 4582 del
1054 4529 1157 4582 senato
1169 4543 1196 4596 p.
1210 4529 1265 4590 18.)

674 4676 833 4691 ἡ
