3336 5252
395 287 460 354 322
755 299 992 350 urraounczrnr
1008 289 1176 350 aurnuns.

393 472 463 534 tum
493 471 642 532 nostrum
673 465 873 549 Imperatori
904 466 1076 548 intimavit,
1101 487 1167 549 quo
1200 463 1315 531 audito
1345 463 1529 547 imperator

393 574 485 641 nulla
501 597 592 642 mora
611 578 785 659 expectata
809 574 851 640 ab
877 573 1044 641 obsidione
1071 573 1152 638 dicti
1177 571 1279 639 castri
1297 569 1412 638 Nomia
1438 569 1531 636 festi·

392 706 475 750 nans
500 683 649 751 discessit
672 703 783 749 versus
809 681 951 764 domum,
975 682 1071 749 modo
1095 682 1242 748 nescitur
1273 687 1305 747 et
1330 703 1390 748 nec
1421 679 1532 746 adbuc

392 792 461 875 ipse
486 792 650 858 Dominus
677 787 831 856 Stelanus
858 788 1008 875 Vajvode
1033 791 1103 874 scit,
1127 797 1237 856 utrum
1261 789 1347 856 vada
1370 786 1531 855 transire·

393 901 520 982 tenerit,
536 921 580 966 an
596 899 639 964 ad
666 904 778 964 castra
794 895 919 964 Albam
934 898 1081 966 Neztber
1106 905 1139 964 et
1154 896 1262 964 Chilic
1286 899 1372 980 ierit,
1388 898 1531 981 quisita

393 1007 479 1092 fugit
495 1005 610 1073 audito
627 1006 768 1072 adventu
784 1007 930 1090 gentium
942 1007 1060 1078 Vestre
1077 1004 1271 1072 Serenitatis
1288 1009 1325 1070 ut
1340 1005 1435 1070 decet
1452 1011 1529 1069 ante

392 1117 505 1183 hostes
520 1115 643 1198 sugero.
663 1114 773 1180 Hodie
790 1116 876 1181 enim
899 1122 949 1182 est
966 1121 1086 1199 quarta
1111 1114 1190 1198 dies,
1206 1113 1294 1198 quod
1319 1113 1529 1178 certitudine·

392 1225 469 1290 liter
485 1224 676 1290 rescivimus
693 1224 799 1308 ipsum
814 1223 992 1290 Dominum
1009 1221 1181 1291 Stalenum
1196 1224 1315 1302 vivero,
1339 1225 1419 1307 quia
1435 1222 1530 1286 mise·

391 1354 503 1398 ramus
518 1330 560 1398 ad
577 1351 651 1398 eum
666 1331 829 1398 bominem
845 1337 1000 1414 nostrum,
1018 1333 1075 1417 qui
1091 1334 1196 1416 ipsum
1214 1332 1247 1396 in
1262 1330 1435 1396 Moldavia
1458 1331 1530 1414 plu·

391 1441 482 1507 ribus
504 1441 619 1507 diebus
645 1441 847 1524 quesivisset,
863 1440 998 1507 tandem
1021 1441 1130 1506 multis
1147 1438 1317 1506 laboribus
1332 1440 1365 1505 in
1382 1437 1530 1524 Alpibus

392 1548 577 1635 recepisset.
607 1548 765 1632 Idemque
796 1549 957 1615 Dominus
989 1547 1144 1615 Stefanus
1177 1547 1329 1633 Vajvode
1359 1569 1434 1614 cum
1464 1548 1528 1612 isto

393 1655 522 1723 homine
538 1662 652 1724 nostro
668 1677 767 1722 unum
784 1659 981 1742 Bojaronem
1005 1678 1098 1723 suum
1115 1655 1158 1722 ad
1174 1679 1231 1722 nos
1247 1657 1381 1723 miserat
1405 1657 1529 1741 petitu-

391 1789 463 1831 rum
480 1788 501 1832 a
517 1765 611 1832 nobis
627 1767 755 1850 aliquas
773 1773 886 1850 gentes
902 1787 961 1851 pro
978 1787 1036 1832 suo
1047 1766 1175 1832 auxilio.
1187 1764 1249 1831 Cui
1266 1787 1325 1831 nos
1340 1787 1405 1830 non
1423 1767 1529 1832 solum

391 1881 513 1954 tantae,
529 1881 672 1958 quantas
688 1875 758 1958 ipse
775 1873 911 1958 petebat
935 1881 1057 1958 gentse,
1074 1875 1132 1940 sod
1158 1873 1255 1960 longe
1281 1874 1404 1959 plures,
1420 1895 1469 1956 eo,
1491 1877 1530 1937 ut

391 1984 424 2048 in
441 1981 591 2048 omnibus
613 1982 762 2048 voluntas
779 1981 903 2050 Vestra
929 1982 1022 2067 regia
1041 1983 1243 2067 impleretur,
1269 1981 1424 2061 misimus,
1449 2005 1529 2046 nun·

391 2091 505 2157 tiando
522 2088 637 2170 eidem,
662 2098 700 2156 ut
725 2092 963 2176 quamprimum
989 2113 1071 2176 opus
1097 2089 1206 2174 luerit,
1231 2090 1331 2156 etiam
1348 2090 1529 2174 personali·

391 2205 443 2266 ter
459 2221 531 2264 cum
558 2198 644 2265 omni
669 2199 818 2283 potentia
834 2198 953 2268 Vestre
978 2197 1174 2266 Serenitatis
1194 2198 1236 2264 ad
1262 2199 1367 2282 ipsum
1393 2199 1529 2263 accede·

390 2329 471 2374 mus.
497 2305 589 2373 Sciat
615 2309 714 2373 etiam
740 2307 907 2374 Serenitas
923 2305 1046 2378 Vestra
1071 2315 1164 2374 actos
1189 2307 1354 2392 prosatum
1379 2304 1529 2371 Bouaras

391 2416 434 2482 ad
454 2415 584 2480 domum
610 2415 705 2480 ivisse
732 2423 765 2482 ot
791 2437 863 2481 cunr
890 2416 1039 2483 omnibus
1066 2416 1218 2501 gentibus
1242 2417 1309 2481 suis
1334 2415 1468 2497 vigilem
1492 2419 1528 2478 ct

390 2523 563 2589 indivisum
579 2522 659 2606 fore,
685 2524 741 2607 qui
767 2523 970 2590 solummodo
987 2530 1139 2609 expectat
1172 2525 1350 2608 ingressum
1376 2529 1526 2588 nostrum

390 2632 433 2696 ud
459 2631 670 2715 Memoriam,
695 2633 807 2698 statim
832 2639 956 2699 terram
981 2632 1092 2700 Boaza
1116 2634 1279 2716 intraret;
1315 2631 1373 2698 sed
1397 2653 1458 2699 nos
1482 2629 1527 2695 ad

390 2738 525 2805 insidias
550 2760 625 2803 suas
651 2741 861 2821 attendimus,
877 2747 914 2806 ut
940 2747 1015 2808 vota
1040 2762 1099 2807 sua
1123 2741 1255 2807 minime
1279 2741 1451 2825 complent.
1467 2737 1528 2804 Ad
1621 2779 1630 2786 -

389 2867 525 2928 presens
551 2852 661 2912 autem
687 2869 796 2913 sumus
822 2848 876 2914 hio
901 2850 934 2914 in
959 2850 1032 2934 ipsa
1058 2851 1180 2916 scilicet
1206 2851 1259 2915 via
1278 2848 1443 2932 Beretnlri,
1468 2870 1529 2936 per

390 2975 487 3036 quam
504 2951 672 3020 Serenitas
688 2953 812 3023 Vestra
837 2957 1037 3024 Moldaviem
1063 2959 1251 3024 intraverat.
1278 2957 1346 3022 Pro
1372 2977 1411 3020 eo
1438 2961 1476 3021 ut
1498 2957 1529 3022 si

388 3070 524 3148 repente
549 3064 611 3148 ipsi
637 3065 781 3132 Domino
808 3065 945 3134 Stefana
962 3067 1112 3152 Vajvode
1137 3067 1302 3151 placemus
1319 3063 1385 3151 (Ρ)
1402 3066 1435 3130 in
1461 3085 1530 3130 una

389 3173 442 3237 die
467 3172 511 3237 ad
527 3194 599 3238 eum
616 3173 741 3240 intrare
757 3176 940 3244 valeamus:
967 3176 1048 3260 quid
1072 3177 1239 3241 intimavit
1262 3173 1356 3240 nobis
1371 3175 1443 3258 ipse
1459 3173 1529 3238 Do·

390 3281 498 3346 minus
515 3277 669 3348 Stefanus
685 3283 845 3367 Vajvode,
869 3306 941 3351 oum
966 3284 1054 3368 apud
1078 3286 1185 3369 ipsum
1210 3285 1259 3349 ita
1274 3285 1423 3364 sciretur,
1439 3282 1530 3366 quod

388 3387 497 3453 adhuc
522 3388 562 3452 de
587 3389 678 3456 vadis
704 3392 881 3476 imperator
907 3394 1009 3458 alium
1033 3391 1218 3477 Vajvodam
1243 3391 1287 3458 ad
1317 3391 1526 3460 Moldaviam

389 3493 509 3577 eligere
525 3497 642 3563 vellet:
668 3507 796 3565 tantum
818 3499 913 3566 modo
939 3523 1000 3584 pro
1026 3522 1066 3566 ea
1088 3523 1124 3568 re
1140 3522 1319 3585 manemus,
1335 3505 1373 3565 ut
1387 3502 1415 3568 si
1433 3521 1530 3586 opor·

387 3605 489 3669 tuerit
514 3627 574 3671 nos
601 3607 775 3691 adipsum
800 3607 978 3675 Dominum
1004 3609 1175 3677 Stefanum
1202 3611 1328 3676 intrare
1355 3617 1413 3676 aut
1436 3605 1529 3676 nou?

387 3706 539 3795 Denique
558 3714 662 3780 eidam
679 3721 789 3782 tantas
806 3723 918 3799 gentes
934 3719 1032 3784 immo
1048 3717 1158 3800 plures
1175 3739 1274 3802 quam
1290 3718 1361 3801 ipse
1378 3717 1530 3801 optabat,

386 3819 540 3901 misimus,
568 3822 686 3905 quibus
712 3843 745 3886 se
772 3824 854 3889 bene
880 3826 1002 3908 poterit
1029 3827 1123 3891 tueri.
1149 3826 1288 3908 Insuper
1315 3827 1530 3910 nosmetipsi

386 3929 604 4010 personaliter
614 3930 723 4013 parati
734 3951 844 3996 sumus
857 3956 929 3998 cum
941 3935 1178 4018 omnipotentia
1195 3932 1395 4000 Serenitatis
1405 3929 1530 4003 Vestre

387 4037 420 4099 iu
438 4035 596 4102 auxilium
624 4057 727 4120 suum,
744 4060 946 4124 quacumque
963 4041 1045 4107 hora
1061 4042 1201 4108 voluerit
1217 4043 1350 4108 intrare.
1367 4039 1528 4108 Ceterum

385 4145 470 4208 enirn
487 4143 573 4210 dicet
589 4145 617 4210 is
644 4143 799 4212 Stefanus
816 4146 975 4235 Sevenzlij
994 4148 1058 4236 (P)
1076 4149 1250 4215 familiaris
1276 4156 1429 4216 ostensor
1454 4173 1529 4234 pre-

385 4253 534 4337 sentium,
558 4254 610 4318 cui
636 4254 768 4322 credere
794 4257 949 4341 dignetur
966 4256 1134 4324 Serenitas
1151 4257 1282 4340 Vestra,
1302 4279 1401 4341 quarn
1419 4258 1528 4324 Altis-

386 4359 484 4424 simus
511 4369 679 4429 conservet
704 4363 830 4431 felicem
859 4387 1115 4452 prosperamque
1141 4367 1183 4430 ad
1210 4373 1295 4432 vota
1324 4367 1378 4431 Ex
1406 4369 1525 4432 castris

384 4469 532 4550 gentium
549 4470 746 4539 Vestrarum
772 4475 932 4558 regalium
958 4497 1060 4562 prope
1086 4475 1248 4562 Beretzlry
1266 4477 1424 4560 predictis
1448 4499 1524 4542 sero
