3336 5252
701 706 774 767 113.

168 889 266 952 1476.
283 889 313 949 A
330 884 471 948 mildrzdi
496 885 623 968 lrerczep
646 885 779 949 cdloeza
797 887 929 972 Mo'lyde
954 887 1138 976 kirctlplzoz,
1159 888 1320 973 melphen'

165 997 323 1063 Fontana
334 995 757 1081 Ferenczmepbutolmazolt
774 996 924 1060 bevernek
941 1021 979 1060 oz
996 998 1103 1062 dltola
1116 998 1300 1064 eldadondo‘

492 1105 652 1190 ttpyelrben
669 1107 757 1170 lisele
774 1107 833 1168 ke'r·
849 1108 977 1170 odolei.

275 1285 378 1369 Papio
410 1283 462 1348 die
493 1283 579 1349 XII.
610 1283 693 1369 Maij
730 1288 824 1350 1476.
867 1284 1010 1350 Domino
1050 1287 1179 1352 Mathis
1215 1287 1301 1372 Regi

164 1393 349 1477 Huugerie.

275 1501 353 1565 Fuit
370 1501 412 1566 ad
428 1523 487 1566 nos
504 1501 702 1585 inpresentiu
716 1502 913 1584 Magnificus
930 1509 963 1567 et
979 1503 1117 1586 insignis
1133 1505 1252 1569 artium
1269 1510 1301 1568 et

164 1609 332 1676 Mediciue
357 1610 484 1675 Doctor
510 1608 673 1692 Magister
699 1609 895 1676 Francisous
921 1613 1081 1692 Fontaus,
1114 1613 1301 1695 Majestotis

165 1719 287 1787 Vestro
302 1716 409 1782 tisicus
429 1723 461 1782 et
479 1718 608 1798 Orator,
626 1718 784 1802 nobisque
809 1718 975 1784 mandetis
1003 1721 1043 1784 ab
1061 1719 1175 1785 eadem
1190 1721 1300 1786 Moes-

164 1832 235 1891 tate
250 1823 374 1891 Vestra
389 1823 511 1890 habitis
538 1826 597 1891 sub
622 1827 728 1892 literis
753 1829 867 1891 restris
892 1827 1144 1892 credentialibus
1165 1827 1300 1910 diligen·

162 1941 217 2000 ter
234 1935 390 2018 exposuit,
407 1955 466 1998 nos
482 1933 573 1998 illum
600 1934 639 1999 ob
657 1942 763 2000 vestre
791 1935 898 2019 Regio
924 1935 1113 2018 Mnjestatis
1138 1936 1300 2016 intuitum,

164 2064 265 2125 quem
281 2047 317 2105 ut
333 2039 426 2106 decet
441 2041 697 2123 magnifecimus,
713 2049 809 2124 grato
833 2047 866 2107 et
879 2042 1024 2124 jucundo
1050 2043 1158 2107 animo
1176 2044 1301 2127 excepi·

164 2173 238 2214 mus
255 2157 287 2214 et
302 2151 442 2214 libenter
459 2149 608 2232 vidimus,
624 2151 880 2232 arrdivimusque,
895 2157 926 2214 et
945 2149 985 2214 ad
1002 2171 1049 2232 eu,
1067 2170 1129 2233 que
1145 2152 1236 2217 nobis
1260 2151 1301 2216 de

164 2259 391 2324 commissione
415 2255 590 2321 Maestatis
623 2255 741 2324 Vestro
773 2259 963 2341 declaravit,
988 2259 1090 2341 ipsius
1122 2259 1301 2342 Magnifice

162 2369 349 2432 Fraucesco
366 2388 474 2432 coram
492 2367 728 2450 respondimus,
755 2374 787 2432 et
814 2367 966 2452 quonism
984 2366 1076 2431 illum
1092 2367 1213 2434 Vestro
1230 2368 1303 2432 Me·

159 2477 279 2562 jestati
297 2476 416 2556 omnis,
432 2475 473 2539 de
490 2473 606 2557 quibus
624 2497 643 2538 n
659 2473 753 2539 nobis
779 2474 912 2540 edoctus
938 2479 996 2555 est,
1022 2474 1154 2540 uberius
1180 2476 1300 2540 relatu·

163 2607 237 2648 rum
256 2583 453 2663 confidimus
479 2603 544 2646 ron
573 2585 692 2647 erimus
719 2583 768 2646 his
794 2584 910 2648 rostris
934 2583 1103 2665 longiores.
1129 2581 1299 2666 Rogamus

163 2693 268 2756 solum
296 2691 507 2774 Mujestatem
534 2691 701 2772 Vestrum,
727 2698 764 2755 ut
788 2694 856 2775 ejus
882 2689 1040 2754 relatibus
1066 2713 1178 2774 parem
1199 2691 1296 2755 fidem

110 2851 115 2858 .
166 2799 324 2866 adbibere
341 2799 428 2878 uelit,
444 2807 544 2884 prout
562 2806 595 2865 et
610 2800 715 2864 literis
732 2801 849 2864 vestris
866 2798 932 2862 illis
950 2819 1009 2863 nos
1027 2798 1184 2864 dedimus
1265 2869 1266 2874 γ

276 2964 405 3028 (Milrinbi
419 2965 580 3025 sillamltrir.)

163 3563 263 3628 1476.
282 3559 392 3648 Lupus
411 3557 537 3624 erkdcs
553 3557 736 3624 ludeise'lo'so
755 3557 940 3624 Buddrolo
960 3559 1101 3624 milclno‘i
1119 3559 1303 3647 berezepbez

161 3697 183 3735 a
216 3672 443 3758 lenppol-td'rb'lo
474 3671 641 3756 suppeteret,
670 3670 810 3734 Beotrior
844 3670 1178 3756 jepyujcindoboirdl,
1210 3675 1303 3734 nesz-

164 3779 339 3864 iinuepe'lpe
365 3779 471 3840 irrinli
496 3777 778 3856 ldszulbdtsebrbl,
810 3779 841 3839 e's
867 3779 975 3841 (tuber
1008 3776 1078 3862 epri
1106 3775 1301 3860 Ptteptilcnelc

390 3887 650 3949 ezrirnruzu'sdnll
668 3911 683 3949 s
699 3887 811 3949 loirdlo'
827 3885 1081 3969 lnlojrlonoirdl.

273 4063 498 4129 Illuslrissime
524 4061 683 4148 Princeps
711 4069 743 4129 et
761 4063 1046 4130 Excellentissime
1070 4061 1219 4143 Domine,
1236 4060 1303 4125 Do·

163 4173 250 4237 mine
268 4175 310 4236 mi
336 4174 606 4254 singularissimr.
632 4172 666 4236 A
683 4173 714 4236 di
736 4177 785 4236 15.
803 4172 855 4237 del
881 4179 1033 4255 presente
1058 4191 1109 4233 me
1135 4191 1213 4233 sono
1234 4191 1306 4252 pre-

165 4285 291 4344 seutste
308 4281 338 4344 le
354 4281 470 4344 lettere
488 4279 576 4343 dello
601 4280 653 4344 Ill.
671 4280 825 4362 Siguorio
842 4279 967 4345 Vestro
992 4277 1032 4341 de
1062 4280 1111 4340 ll.
1130 4275 1163 4338 di
1181 4275 1305 4350 Murro,

165 4388 243 4452 date
260 4388 293 4451 in
312 4385 504 4472 Viglerono,
530 4388 628 4470 quale
654 4394 777 4471 quanto
805 4388 849 4450 mi
875 4388 965 4450 sinuo
993 4391 1078 4449 state
1095 4383 1263 4448 carissime
1288 4403 1306 4445 e

161 4496 405 4582 jucundissime,
423 4517 486 4559 non
504 4495 633 4580 poteria
654 4496 802 4575 scrivere,
829 4496 894 4557 rosi
912 4515 970 4576 per
987 4491 1103 4558 essersi
1122 4491 1258 4574 dignate
1283 4490 1307 4555 il

1141 4599 1195 4650 20*
