3334 5276
721 383 958 430 pirriouaczrir
977 371 1144 428 amaran.

906 764 958 824 33.

368 941 463 1004 1467.
479 938 510 1004 Α
526 892 680 1004 velencaai
697 940 916 1006 attamtanacs
932 941 1064 1027 Mcitydr
1088 940 1203 1028 kirctly
1227 941 1394 1008 torminale
1411 933 1499 1005 adest

364 1049 500 1114 salacea
536 1051 629 1114 lorea
655 1047 751 1112 ellani
775 1049 880 1136 raglly
905 1049 937 1114 «le
963 1074 984 1114 a
1009 1048 1152 1114 tliriikleal
1177 1051 1310 1116 latitandi
1335 1049 1408 1114 bc'ka
1431 1053 1499 1112 ἐάν·

858 1158 998 1244 qya‘bon.

366 1311 669 1381 MOOOOLXVII.
685 1316 738 1382 die
754 1315 870 1382 ultimo
887 1316 979 1400 Maij.

368 1421 593 1509 ssOonsiliarij
743 1425 746 1495 l
841 1423 937 1508 Quod
949 1423 991 1492 R.
1002 1426 1039 1490 Ρ.
1050 1427 1193 1493 Domino
1203 1423 1338 1492 Oratori
1353 1424 1424 1491 Ser.
1434 1423 1498 1490 Do·

369 1537 388 1596 2
405 1528 579 1614 Sapientes
593 1529 747 1635 Consilij1
795 1532 874 1598 mini
890 1529 991 1616 Regis
1008 1532 1182 1617 Hungarie
1207 1533 1315 1613 adea,
1341 1553 1403 1616 que
1421 1531 1498 1598 Ore·

369 1643 573 1737 2---„’.---
593 1645 616 1704 t.
633 1639 653 1703 l.
746 1653 748 1742 ζ
796 1646 889 1705 tenus
906 1639 987 1704 dixit
1003 1646 1036 1705 et
1047 1641 1080 1706 in
1091 1641 1220 1726 seriptis
1230 1640 1322 1708 dedit
1337 1661 1396 1724 per
1405 1638 1499 1704 oedu·

367 1747 434 1812 lam
449 1747 568 1813 lectam
584 1747 660 1813 huie
679 1747 843 1814 Consilio:
870 1748 1115 1832 respondeatur,
1140 1749 1227 1832 quod
1252 1749 1334 1814 sieut
1350 1747 1499 1813 Paterni-

368 1852 429 1918 tati
445 1851 519 1933 Sue,
535 1851 683 1934 diximus,
697 1860 731 1920 et
746 1859 797 1920 eat
812 1875 932 1938 rerum,
942 1855 1098 1921 habemus
1115 1857 1147 1920 in
1164 1857 1340 1941 provincijs
1356 1853 1498 1920 Albanie

368 1967 402 2026 et
418 1957 586 2026 Dalmatia
602 1961 762 2027 exereitus
779 1968 918 2044 nostros,
944 1984 1003 2046 pro
1030 1962 1220 2030 obsistendo
1245 1961 1417 2028 conatibus
1442 1963 1498 2026 ini-

371 2071 457 2152 mioi,
473 2077 507 2134 et
523 2077 645 2152 quanto
662 2071 755 2139 nobis
774 2073 930 2157 possibile
955 2072 1063 2153 fuerit,
1086 2074 1195 2158 copias
1221 2073 1295 2138 illas
1320 2078 1450 2138 nostras
1466 2071 1498 2136 in

370 2185 510 2262 utraque
526 2179 693 2264 provincie
708 2179 956 2248 fortificabimus
979 2203 1038 2266 pro
1056 2181 1242 2247 defensione
1268 2201 1377 2245 rerum
1403 2180 1500 2246 chris·

369 2287 541 2370 tianorum‚
558 2288 715 2355 existente
740 2289 912 2372 presertim
928 2289 1022 2356 hoste
1038 2290 1124 2356 cirea
1140 2291 1212 2356 illas
1228 2287 1413 2374 provincias
1429 2309 1498 2352 cum

369 2395 493 2479 potenti
510 2396 663 2461 exercitu.

478 2499 575 2568 Circa
600 2523 713 2586 paoem
739 2525 797 2589 per
817 2525 876 2570 nos
892 2526 965 2570 oum
981 2504 1087 2571 Turro
1113 2503 1293 2570 faciendam
1324 2503 1498 2588 plurimum

369 2610 588 2692 regratiamur
613 2612 719 2698 Regia
744 2611 950 2695 Oelsitudini,
981 2635 1043 2697 que
1068 2619 1135 2678 tam
1161 2613 1301 2695 benigne
1331 2611 1498 2678 nobiseum

368 2715 524 2799 loquitur,
542 2724 576 2783 et
591 2721 738 2802 quamvis
755 2743 869 2804 paoem
885 2722 1077 2806 hujusmodi,
1094 2723 1135 2788 ob
1151 2719 1326 2786 insolentes
1342 2719 1499 2786 conditio-

369 2843 427 2889 nes
453 2822 552 2890 rusci
578 2825 791 2894 diffieilimam
819 2829 1010 2912 judicemus,
1042 2831 1203 2916 quomodo
1234 2837 1343 2895 tamen
1372 2827 1500 2893 comuni

370 2931 456 2996 bono
472 2938 506 2998 et
521 2935 663 3002 comodis
680 2938 848 3020 utriusque
874 2945 1021 3004 nostrum
1046 2939 1193 3006 conferre
1218 2945 1337 3022 posset,
1360 2937 1499 3019 Regium

371 3060 561 3106 eonsensum
578 3044 611 3108 in
626 3065 663 3109 re
678 3044 742 3110 hae
757 3052 974 3130 amrmemus,
1000 3069 1072 3113 cum
1100 3049 1320 3114 reservatione
1336 3047 1370 3111 in
1386 3045 1499 3110 ceteris

370 3147 455 3231 Lige
471 3155 591 3232 nostre,
607 3171 705 3234 quam
721 3151 841 3236 Ligam
857 3153 898 3220 ob
915 3154 1113 3240 singularem
1137 3153 1340 3220 affectionem
1356 3158 1498 3218 nostram

371 3255 406 3319 in
422 3255 630 3342 Majestatem
648 3256 748 3326 Suam
764 3281 955 3328 conservare
971 3265 1126 3348 cupimus,
1142 3263 1281 3348 Regiam
1306 3283 1382 3328 vero
1408 3260 1499 3327 Sere·

371 3364 509 3433 nitatem
525 3387 565 3431 ex
581 3389 665 3435 nuno
681 3375 803 3434 certam
814 3391 884 3436 esse
899 3370 1055 3452 volumus,
1065 3371 1152 3457 quod
1163 3371 1226 3437 sibi
1235 3370 1321 3456 apud
1333 3369 1498 3436 Summum

372 3472 567 3542 Pontificem
598 3481 632 3540 et
655 3475 740 3542 alios
764 3482 953 3561 potentatus
985 3479 1181 3548 christianos
1211 3481 1350 3547 libenter
1382 3479 1498 3544 erimus

372 3583 494 3649 auxilio
510 3589 544 3650 et
557 3584 660 3652 favori
672 3586 770 3670 juxta
793 3591 1132 3656 commemorationem
1158 3587 1266 3671 Suam,
1292 3595 1326 3654 et
1355 3587 1398 3652 ab
1421 3586 1498 3669 ipsis

373 3690 541 3756 effectibus
556 3693 718 3776 intelliget
733 3695 983 3763 sincerissimam
998 3697 1177 3778 caritatem,
1193 3703 1226 3762 et
1241 3696 1398 3782 optimam
1414 3714 1497 3760 men·

373 3805 438 3863 tem
454 3806 608 3866 nostram.

481 3904 955 3986 †102—2-9.

482 4069 637 4130 (Velenezei
651 4073 829 4136 allamkonyv
843 4078 885 4124 42.
899 4075 929 4134 l.)

859 4359 1018 4379 ξ-*ι--η-ι,
