3334 5276
628 340 723 428 mes.
1225 363 1245 422 o

1 498 11 642 'p
115 546 189 615 Ser.
205 542 378 632 Hungarie
392 545 527 630 Regem,
552 549 591 610 ut
613 543 674 610 sub
699 541 822 607 ditione
847 540 936 608 illius
954 538 1004 608 Ill.
1024 538 1064 606 D.
1082 557 1249 604 conserva-

114 662 306 738 tur‚eteet.

226 766 270 850 †
319 767 381 828 132
429 797 472 809 -
518 766 538 824 6
587 795 629 808 -
676 764 696 824 5

225 927 381 990 (Velenczsi
394 925 574 988 tllsmkdnyv
590 928 648 974 141.
664 923 695 984 1..)

603 1120 765 1134 n*

659 1337 702 1420 'a

2 1581 3 1584 =
116 1544 215 1607 1466.
234 1543 263 1604 A
280 1541 433 1605 celenozei
456 1539 678 1604 dilamtaudos
702 1537 836 1602 salama
861 1537 894 1602 ts
917 1539 1083 1602 ctasitdsa
1116 1535 1253 1620 Venerio

113 1651 260 1714 Ferreae
275 1646 545 1735 mappamrszdpi
569 1647 729 1712 kdvetdbez
754 1668 776 1708 a
800 1645 892 1709 tdrdlt
917 1643 1014 1708 sileni
1030 1643 1253 1728 tosaotode'set

612 1755 760 1840 itqye'bem.

113 1951 406 2021 MOCOOLXVI.
424 1951 476 2016 die
492 1950 626 2016 XXlII.
643 1949 770 2033 Marcij.

225 2058 286 2124 Ser
301 2058 480 2124 Francisoo
496 2056 649 2139 Venerio,
666 2054 800 2123 Oratori
817 2062 928 2122 nostro
944 2057 977 2121 in
994 2057 1176 2141 Hungaria

117 2174 147 2232 1.
166 2165 382 2233 Conciliarius
501 2165 503 2235 i
598 2161 796 2248 Accepimus
811 2165 940 2232 litteras
957 2171 1083 2231 vestras
1104 2165 1169 2231 diei
1187 2165 1253 2230 111·

2 2273 13 2349 J
116 2275 292 2358 Sapientes
307 2271 445 2357 Consilij
501 2282 503 2408 1
552 2273 1254 2358 instantis,quibusnobisdenotastis‚quan·

203 2407 219 2440 s
306 2381 366 2446 tf.
501 2428 504 2495 Ι
551 2388 621 2447 tum
652 2381 745 2447 vobis
777 2379 904 2446 dixerat
934 2379 976 2446 R.
1003 2381 1044 2446 D.
1069 2379 1253 2465 Episcopus

115 2513 277 2590 '‘a-
306 2484 468 2554 Ordiuum
501 2500 504 2590 l
554 2488 957 2574 Quinque-Ecclesiam,
991 2489 1119 2554 nomine
1158 2489 1253 2554 istius

115 2599 325 2666 Serenissimi
358 2597 400 2662 D.
426 2597 528 2681 Regis
559 2599 599 2664 de
631 2600 777 2682 practica
809 2597 901 2682 pacis
932 2619 1005 2663 cum
1032 2595 1163 2663 Turoho
1194 2619 1253 2680 per

112 2707 261 2772 medium
278 2705 365 2771 illius
381 2705 562 2788 Radovioh,
577 2713 611 2771 et
628 2715 785 2790 qnantum
810 2708 916 2771 cosin
933 2727 969 2771 re
985 2706 1043 2770 illa
1068 2704 1204 2785 dixistis,
1220 2709 1254 2770 et

2 2895 3 2902 ἵ
115 2815 250 2881 tandem
282 2819 440 2898 qnantum
471 2813 687 2880 deliberatum
713 2817 828 2881 fuerat
871 2815 943 2900 Quo
976 2815 1086 2880 omnic
1111 2813 1253 2878 libenter
1329 2897 1334 2904 .

2 2929 6 2936 '
113 2924 337 2990 intelleximus
354 2929 388 2988 et
404 2923 614 3006 prudentiam
630 2923 898 3009 diligentiamque
917 2932 1061 2992 vestram
1077 2924 1254 3009 plurimum

114 3032 298 3111 laudamus,
332 3036 366 3096 et
389 3031 620 3114 respondentes
646 3053 718 3096 cum
744 3039 856 3098 nostro
883 3033 1029 3099 Consilio
1049 3033 1253 3118 Rogatorum

13 3165 16 3170 ¹
115 3140 264 3206 volumus
296 3147 328 3204 et
354 3138 444 3204 vobis
469 3140 668 3223 mandamus,
698 3147 734 3205 ut
759 3141 868 3206 subito
900 3163 970 3206 esse
1003 3141 1149 3207 debeatis
1180 3163 1254 3206 cum

2 3315 3 3320 ,
116 3249 299 3333 Maiestate
325 3247 418 3312 istius
444 3247 513 3314 Ser.
539 3245 676 3313 Domini
702 3248 814 3333 Regis,
837 3253 889 3314 cci
917 3257 990 3333 post
1014 3250 1253 3316 corruenientem
1326 3279 1328 3288 ι

114 3357 300 3440 gratiarum
324 3356 489 3421 actionem
514 3355 631 3420 dicite:
659 3357 747 3437 quod
773 3355 1017 3422 considerantes
1048 3379 1108 3423 nos
1133 3357 1254 3424 multas

114 3486 178 3543 res,
203 3470 237 3528 et
262 3464 436 3546 presertim
461 3463 671 3548 Majestatem
697 3465 877 3548 predictam
904 3473 936 3529 et
962 3487 1020 3531 uos
1046 3466 1131 3532 solos
1148 3471 1254 3532 totum

2 3625 3 3631 ,
115 3569 178 3636 hoo
193 3593 294 3655 grave
309 3577 343 3636 et
359 3569 577 3654 periculosum
603 3572 725 3638 bellum
749 3575 917 3653 sustinere,
942 3597 1015 3639 oum
1044 3575 1112 3659 ejus
1135 3573 1255 3658 Majes·

115 3687 184 3746 tate
202 3680 236 3744 in
253 3679 446 3744 sententiam
462 3682 679 3762 convenimus,
704 3681 785 3746 utile
811 3681 952 3747 futurum
979 3684 1047 3748 suis
1073 3690 1106 3748 et
1132 3685 1253 3750 nostris

114 3787 272 3854 rebusad
298 3789 478 3871 practicam
504 3790 608 3874 ipsam
633 3797 667 3855 et
692 3790 928 3858 conclusionem
952 3792 1112 3874 devenire,
1128 3798 1251 3877 quanto

2 3924 3 3927 ¹
116 3895 308 3962 melioribus
333 3901 366 3960 et
390 3895 731 3963 honorificentioribus
767 3899 1013 3979 occiditionibus,
1039 3908 1073 3966 et
1097 3923 1158 3985 pro
1184 3898 1253 3968 Sua

2 4012 5 4076 J
115 4007 293 4091 Majestate
319 4011 352 4070 et
377 4026 437 4088 pro
462 4005 557 4072 nobis
584 4015 618 4072 et
643 4029 703 4090 pro
720 4009 891 4092 utriusque
914 4015 1060 4074 nostrum
1086 4009 1250 4092 colligatis

116 4115 271 4197 possibile
291 4113 399 4180 suerit.
416 4115 462 4181 at
477 4135 517 4179 ex
537 4138 622 4180 nunc
647 4123 685 4181 ut
711 4139 767 4182 vos
790 4119 927 4200 nomine,
954 4125 1065 4184 nostro
1091 4119 1125 4183 id
1145 4118 1253 4184 lacere

116 4225 282 4288 autentioe
297 4221 444 4304 valeatis,
461 4225 619 4290 mittimus
644 4225 736 4290 vobis
751 4227 958 4309 presentibus
983 4225 1154 4308 alligatum
1172 4224 1253 4311 Syn-

117 4331 261 4398 dicatum
276 4331 311 4394 in
326 4332 431 4396 forma
447 4331 557 4415 ampla
582 4339 616 4396 et
641 4339 806 4398 consueta.
823 4334 947 4401 Verum
975 4333 1137 4417 quomodo
1165 4335 1191 4399 si
1211 4335 1252 4399 ad

117 4441 296 4522 practicam
321 4439 537 4513 deveniretur,
573 4463 638 4506 nou
663 4441 861 4522 dubitamus,
887 4442 973 4524 qnod
1001 4441 1162 4524 Majestas
1182 4465 1252 4524 pre·

52 4597 55 4602 .
118 4546 203 4614 dicta
218 4554 318 4632 petet,
335 4553 370 4614 ut
386 4550 420 4615 iu
437 4549 604 4634 principiis
621 4549 804 4634 hujusmodi
823 4551 1040 4634 practicarum
1053 4548 1097 4616 sit
1114 4551 1248 4638 aliquod
