3336 5252
662 353 757 422 1476.
1213 347 1277 422 335

139 557 305 617 mensure,
322 535 450 602 eosiehe
466 537 496 602 le
513 557 591 603 neve
606 535 823 620 grandissimo
838 557 897 620 per
922 537 1009 604 fredi
1034 541 1190 604 excessivi
1213 559 1279 604 non

138 645 253 729 lasela,
269 645 328 712 ehe
345 643 468 711 Turehi
484 665 622 730 pessono
639 645 778 729 seguine,
794 667 848 711 ma
865 666 883 710 e
899 646 941 712 da
957 667 1105 730 pensare,
1121 645 1193 714 chel
1209 669 1279 712 ees-

139 753 221 818 tello
238 753 288 820 sie
303 754 519 819 munitissimo
530 759 654 836 quanto
665 774 699 818 se
709 774 807 838 possa
823 753 904 819 dire.
914 752 999 821 Diro
1010 777 1072 839 pur
1083 775 1147 820 une
1162 755 1280 840 perula

140 867 257 945 questo
282 859 403 946 Signor
427 860 479 927 Re
505 882 522 926 e
548 867 643 927 tento
669 862 814 928 animoso
840 869 872 928 et
897 863 965 928 eosi
988 863 1227 929 incantamenta
1243 883 1278 930 se

141 976 284 1036 semette
299 992 320 1036 a
335 969 479 1052 periculi,
504 991 596 1035 come
621 969 734 1037 feeeve
760 993 781 1036 a
796 971 934 1053 Sebem,
958 970 1018 1035 ehe
1042 991 1170 1055 sempre
1187 977 1279 1038 stava

141 1083 230 1142 sotto
255 1077 288 1143 le
313 1097 414 1159 mure,
430 1077 488 1143 che
514 1079 546 1144 io
571 1077 687 1144 dubito
713 1079 772 1145 che
798 1101 864 1145 une
889 1079 923 1144 di
950 1100 1015 1144 nen
1040 1078 1065 1143 li
1087 1079 1279 1162 intervenge

8 1277 11 1285 Ι
142 1185 284 1268 qualche
300 1185 393 1252 male.
410 1184 488 1252 Une
503 1207 580 1252 coss
596 1186 665 1254 solo
681 1189 725 1252 mi
742 1189 899 1270 conferte,
915 1187 975 1256 ehe
992 1186 1093 1254 eorde
1108 1209 1221 1273 regum
1245 1189 1280 1252 in

141 1315 244 1359 manu
260 1293 325 1359 Dei
341 1299 426 1376 sunt,
442 1316 479 1360 er
494 1293 596 1362 bustu.

251 1401 317 1468 Del
334 1401 443 1469 Turno
469 1425 534 1468 non
554 1424 589 1468 ee
614 1403 739 1471 novelle
765 1427 800 1471 se
826 1427 891 1473 non
917 1404 976 1472 che
992 1426 1071 1471 sono
1088 1405 1157 1471 cosi
1172 1425 1230 1488 per
1246 1401 1280 1469 la

145 1509 346 1576 Schiavenia
360 1519 394 1577 et
410 1535 469 1597 per
484 1511 518 1578 lo
534 1519 665 1581 terreno
690 1514 970 1599 dell'imperetore
997 1535 1014 1579 e
1030 1513 1071 1578 de
1086 1520 1240 1598 presente
1257 1511 1280 1577 li

143 1641 235 1686 sone.
252 1618 450 1704 Aspettumo
474 1621 507 1688 la
522 1621 653 1706 Regina
677 1643 750 1690 eum
776 1623 895 1708 grandi
920 1623 1091 1706 alegrezzu
1116 1627 1150 1687 et
1175 1621 1281 1705 grand

142 1729 252 1814 parati
279 1735 312 1794 et
338 1733 393 1814 gia
419 1733 638 1798 eemeneieme
665 1754 685 1798 e
709 1734 842 1817 vegnire
869 1755 889 1798 a
914 1731 1012 1798 Bude
1038 1729 1140 1814 quelli
1161 1727 1282 1813 Signor

144 1838 310 1904 Tedesehi
327 1858 405 1904 sone
421 1837 559 1906 invitati.
576 1839 608 1904 11
624 1840 753 1924 Legeto
770 1839 825 1906 del
840 1839 936 1923 Papa
954 1861 971 1905 e
988 1860 1109 1904 encore
1125 1838 1159 1903 in
1175 1837 1282 1938 Euda,

143 1943 270 2011 benehe
296 1943 330 2009 in
354 1945 432 2028 ogni
457 1943 588 2012 diceres
614 1945 654 2012 de
680 1969 775 2014 avere
799 1947 933 2013 lieentia
958 1946 1069 2012 invere
1095 1943 1119 2010 li
1146 1951 1280 2012 eusute

143 2053 315 2119 humenite
331 2053 418 2137 essaj
436 2075 453 2118 e
470 2075 529 2138 per
544 2053 683 2138 trefiete‚
699 2055 758 2120 ehe
774 2057 806 2122 ie
831 2077 867 2122 su
883 2055 916 2122 la
932 2041 1065 2122 Mueste
1088 2054 1143 2122 del
1159 2053 1281 2138 Signer

144 2161 196 2226 Re
211 2161 276 2226 mio
293 2161 327 2226 in
351 2181 524 2245 personae
541 2161 663 2228 nudate
689 2183 708 2228 e
733 2185 810 2230 ease
834 2161 888 2228 del
913 2163 1000 2228 dieto
1017 2161 1146 2245 Legeto
1163 2185 1180 2227 e
1197 2162 1221 2228 li
1246 2163 1281 2227 in

145 2268 255 2334 chiese
271 2273 304 2335 et
319 2269 353 2334 in
364 2270 417 2334 via
428 2269 453 2334 li
468 2267 502 2336 fe
518 2275 612 2336 tante
628 2269 760 2353 honore,
771 2277 893 2356 quanto
911 2271 938 2336 si
953 2291 1051 2354 pesse
1067 2269 1146 2336 dire.
1157 2268 1284 2355 Queste

145 2400 221 2444 sere
246 2377 290 2444 he
315 2378 431 2459 inleso,
447 2377 519 2443 chel
543 2379 632 2445 dieto
658 2379 786 2464 [segete
812 2381 840 2445 si
865 2386 1001 2465 partera
1036 2379 1069 2446 la
1102 2387 1283 2445 settemena

144 2487 315 2572 prexime;
332 2485 411 2552 altri
427 2485 461 2550 di
477 2508 494 2552 e
511 2485 607 2570 dieto,
627 2488 685 2554 ohe
701 2487 752 2554 Re
768 2489 880 2554 velena
896 2487 969 2552 ehel
993 2494 1137 2552 restasse
1164 2485 1282 2552 fomite

143 2597 178 2662 le
195 2618 304 2678 nonne,
319 2617 384 2662 non
401 2617 437 2661 so
453 2618 544 2662 como
570 2597 701 2665 endere„
727 2596 828 2664 Altro
853 2597 886 2662 el
904 2603 1055 2681 presente
1072 2618 1136 2662 non
1153 2594 1282 2662 aceede.

144 2705 206 2774 Ali
222 2705 316 2790 peedj
333 2705 422 2771 delle
437 2704 545 2771 Ill-ms
562 2704 651 2772 S·rie
666 2705 726 2776 Vr.
744 2727 869 2791 sempre
886 2705 930 2771 mi
945 2704 1172 2772 rescensendo.
1188 2701 1282 2770 Bude

145 2813 310 2883 XXVII.
327 2813 484 2881 Octobris
503 2819 599 2882 1416.

194 2940 233 3006 Ε.
250 2939 304 3005 Ill.
320 2939 362 3006 D.
379 2940 422 3010 V.
815 2940 1023 3006 fidelissimus
1039 2937 1185 3006 Serviter

774 3049 883 3116 Lucas
899 3051 1011 3134 Lupus
1028 3049 1158 3115 Decret.
1177 3047 1239 3115 Dr.

259 3159 386 3220 (Milenti
399 3160 561 3222 ellemlttr.)

633 3339 793 3348 nn--n-a

681 3573 755 3640 231.

149 3737 247 3802 1476.
264 3737 398 3822 Mdtyde
414 3735 529 3824 leirctly
554 3761 594 3802 uz
620 3739 689 3824 eqni
712 3735 879 3824 pltep'o'kltt
895 3735 979 3800 mint
998 3733 1114 3799 le'e'vete't
1130 3759 1151 3799 a
1168 3734 1284 3799 lacteas·

240 3842 367 3928 atfuldi
385 3847 508 3931 vajdein
525 3848 558 3910 e's
573 3846 707 3912 teretes
724 3856 818 3930 nyert
833 3843 1047 3932 pyt'zelemrt'l
1063 3843 1195 3907 e'rtesite'.

258 4007 408 4073 Methies
434 4004 507 4071 Rex
523 4013 582 4074 eet.
600 4011 660 4072 eet.
684 4002 969 4071 Reverendissime
990 4003 1102 4070 Pater.
1128 4001 1286 4085 Superve-

147 4114 200 4179 nit
215 4135 301 4178 nune
317 4112 458 4180 famulus
476 4111 614 4181 Comitis
640 4111 778 4180 Steffeni
803 4112 844 4177 de
859 4109 995 4193 Bethor,
1012 4111 1068 4194 qui
1095 4110 1208 4176 attulit
1223 4111 1286 4174 ista

147 4243 245 4303 nese,
260 4223 348 4307 quod
364 4223 494 4290 Berzab
511 4221 672 4306 Veyvode
688 4221 939 4304 Transulpinus,
955 4219 1011 4304 qui
1027 4219 1141 4285 habite
1166 4241 1286 4300 magne

148 4331 370 4417 Imperatoris
386 4333 567 4398 Tuscorum
583 4331 726 4416 presidio
737 4337 852 4397 contre
862 4335 991 4395 nestros
1003 4350 1036 4394 se
1046 4333 1288 4412 preperuverut,

148 4449 330 4524 antequem
346 4440 520 4508 Moldevns
537 4463 609 4506 eum
626 4441 705 4524 ipsis
722 4439 933 4522 convenisset,
949 4435 1143 4521 profligatus
1160 4437 1213 4516 sit,
1231 4437 1287 4500 ubi

147 4551 266 4634 ingens
291 4551 427 4616 victorie
443 4555 546 4634 perte.
566 4549 666 4614 Multi
684 4571 723 4614 ex
740 4547 888 4615 hostibus
908 4546 981 4630 eesi,
1006 4546 1100 4612 multi
1124 4541 1289 4612 vulnerati
