3356 5266
410 401 455 460 ot
766 401 1192 461 ermonemunmrrm.

413 573 534 640 nostris
558 571 692 664 ricinari
709 571 837 656 debere,
847 579 955 658 preter
971 594 1096 640 omnem
1109 573 1387 658 exspectationem
1397 577 1550 640 nostrum

413 683 532 750 multas
560 681 725 748 novitates
750 682 953 766 injuriaeque
980 685 1059 768 ipsis
1089 679 1228 750 subditis
1252 683 1373 748 uostris
1390 683 1550 756 intulisse,

413 811 525 857 eornm
539 789 628 856 bona
642 797 676 856 et
691 810 745 858 res
761 790 942 875 diripendo‚
952 789 1227 876 asportandoque,
1236 791 1324 874 quod
1335 798 1444 875 preter
1454 812 1544 856 men·

413 905 481 965 tem
492 903 526 966 et
535 899 746 966 intentionem
763 897 828 964 Sue
845 897 1038 966 serenitatis
1055 898 1175 966 saetam
1196 919 1261 964 non
1282 898 1479 965 dubitamus.
1497 899 1542 964 Et

416 1028 613 1092 quamquam
629 1006 713 1072 idem
730 1004 853 1073 Orator
869 1027 945 1073 suus
962 1007 1120 1092 ejusmodi
1137 1007 1268 1074 restitui
1284 1029 1336 1073 res
1357 1006 1462 1073 facere
1490 1029 1545 1090 op·

415 1115 548 1197 tulerat,
562 1113 705 1182 nondum
721 1121 830 1183 tamen
847 1116 1002 1182 restitute
1027 1114 1125 1181 fuisse
1150 1113 1372 1200 intelligimus.
1397 1113 1547 1199 Rogabis

417 1223 490 1289 ideo
516 1220 732 1290 Serenitatem
749 1221 860 1304 Suam,
877 1223 1088 1307 instabimus,
1111 1222 1200 1308 qnod
1216 1225 1346 1290 omniuo
1373 1223 1548 1288 restituan-

418 1337 482 1414 tur,
497 1331 609 1414 illique
634 1330 752 1396 Banuo
767 1330 914 1416 imperet,
931 1327 1107 1414 quodcum
1123 1329 1265 1396 subditis
1292 1327 1413 1396 uostris
1438 1332 1549 1413 quiete

419 1446 453 1506 et
470 1441 572 1505 amice
588 1440 695 1504 viuere
711 1438 799 1522 velit,
816 1439 979 1521 quomodo
997 1436 1193 1505 serenitatis
1209 1437 1275 1506 Sue
1300 1438 1421 1506 subditi
1438 1459 1459 1504 a
1477 1459 1549 1502 nos·

420 1549 480 1613 tris
506 1550 555 1614 nti
571 1547 648 1614 boni
663 1548 794 1634 utrique
810 1547 904 1614 amici
929 1569 1056 1631 semper
1082 1547 1321 1630 tractabantur,
1338 1547 1433 1613 sicuti
1458 1568 1552 1612 emor

421 1659 533 1722 noster
558 1663 689 1724 mutuus
715 1656 826 1742 exigit,
855 1676 978 1742 proque
1013 1655 1101 1722 illius
1128 1655 1351 1723 vicissitudine
1376 1677 1550 1741 speremus

421 1761 521 1830 Suom
537 1761 755 1834 Serenitatem
770 1785 842 1832 esse
858 1763 1027 1830 facturam.

528 1873 576 1940 Et
586 1873 626 1938 de
636 1873 845 1958 responsione
855 1872 963 1956 quoad
982 1873 1091 1940 omnia
1107 1873 1167 1938 hec
1182 1871 1281 1938 faciet
1298 1871 1466 1939 Serenitas
1483 1869 1551 1936 Sue

423 1982 463 2047 de
489 1981 636 2048 omnibus
662 1981 746 2067 alijs‚
770 2003 833 2065 que
859 1987 928 2050 toto
954 1987 1112 2064 tempore,
1138 2003 1203 2066 quo
1219 1981 1307 2068 apud
1323 1981 1424 2062 illam,
1441 2002 1497 2045 seu
1515 1981 1551 2044 in

423 2090 574 2176 pertibus
589 2090 655 2156 illis
671 2089 962 2172 stabisacoideant
972 2095 1085 2156 nostra
1095 2091 1278 2176 cognitione
1295 2090 1403 2174 digno,
1419 2087 1551 2154 curubis

424 2199 488 2264 tuis
503 2197 608 2265 literis
625 2219 683 2264 nos
697 2198 857 2265 cerciores
874 2197 1022 2264 reddere.

531 2305 737 2372 Mandonius
756 2313 903 2390 preterea
929 2304 999 2390 tibi,
1024 2311 1062 2372 ut
1086 2303 1225 2388 quedem
1260 2305 1392 2390 negotia
1417 2302 1555 2371 Nobilis

424 2413 514 2480 Civis
530 2423 640 2481 nostre
654 2413 851 2485 Thomasine
868 2411 1072 2499 superantis,
1097 2415 1210 2479 relicte
1227 2415 1364 2480 condam
1389 2411 1558 2478 Leouardi

425 2519 603 2607 Desiderij‚
621 2522 706 2589 omni
732 2521 869 2588 honesto
887 2519 997 2586 favore
1022 2523 1241 2605 prosequaris,
1266 2522 1433 2606 jocosque,
1458 2540 1559 2603 super

425 2651 491 2713 qua
507 2651 542 2696 re
558 2637 595 2694 ut
611 2631 775 2696 meliorem
791 2631 911 2697 exitum
929 2628 1058 2711 hebeat,
1080 2631 1195 2698 literas
1221 2637 1349 2698 nostres
1375 2628 1417 2694 ad
1441 2649 1560 2712 supra·

426 2738 582 2821 scriptum
598 2737 833 2805 Sereuissinum
850 2739 974 2821 Regem
991 2737 1112 2806 demus.

535 2845 577 2932 ΔΓ
626 2850 690 2912 104
735 2885 779 2898 -
826 2852 845 2912 c
892 2885 935 2896 -
983 2851 1011 2911 1.

536 2969 694 3039 (verenensi
708 2974 888 3040 dilamkdnyv
902 2975 956 3036 50.)

912 3121 1071 3132 ..—----

968 3323 1019 3382 38.

432 3465 527 3530 1467.
545 3465 641 3530 Botta
659 3463 791 3530 tencre
806 3463 944 3528 mitono·
962 3463 1049 3528 kdvet
1071 3461 1290 3542 veteretum,
1299 3487 1321 3526 a
1331 3459 1475 3527 mildrede?
1491 3465 1561 3526 her·

430 3585 528 3660 creqet
554 3573 765 3661 oNdpolyda
781 3579 874 3640 mend
899 3593 1043 3659 maqyar
1066 3571 1326 3636 udrzkistretuek
1356 3570 1559 3636 Velencztben

735 3681 812 3747 eald
826 3679 1089 3768 meqe‘rkezc‘etrdl
1105 3681 1276 3765 trederitja.

538 3841 763 3909 illustrissimo
788 3839 909 3928 Signor
934 3841 1014 3909 Mio.
1041 3839 1107 3907 Per
1131 3840 1215 3906 altre
1240 3841 1308 3930 mie¹
1326 3845 1436 3906 vostra
1452 3838 1559 3906 Subli-

431 3949 512 4016 mite
527 3949 560 4016 fu
572 3947 728 4030 advisate,
744 3969 837 4014 como
853 3954 970 4033 questa
986 3951 1181 4032 compagnia
1195 3946 1421 4034 Ungarescha,
1438 3948 1561 4032 queiee

431 4063 552 4125 venuta
575 4059 609 4123 in
634 4055 736 4124 Italia
761 4077 819 4140 per
844 4064 930 4122 torre
956 4054 989 4122 la
1015 4077 1113 4140 sposa
1137 4055 1191 4122 del
1214 4076 1273 4120 suo
1299 4054 1361 4137 Re,
1376 4077 1433 4122 era
1449 4061 1562 4140 giunta

432 4166 564 4253 quaed
591 4164 742 4231 venezia.
768 4163 862 4231 Hora
888 4164 997 4230 educo
1022 4165 1140 4248 quella,
1167 4185 1259 4230 como
1276 4171 1393 4248 questa
1409 4164 1563 4250 Signoria

432 4276 501 4342 fece
517 4274 751 4359 apparechiare
767 4273 990 4357 allogiameuti
1007 4273 1049 4339 ad
1066 4274 1145 4339 tutti
1161 4275 1269 4356 questi
1286 4270 1419 4356 Siguori
1437 4279 1469 4337 et
1480 4271 1563 4337 Zen-

432 4382 605 4463 timemini,
620 4388 654 4447 et
669 4382 743 4448 dela
760 4384 864 4466 prima
881 4402 963 4463 sera,
979 4381 1011 4448 in
1029 4382 1083 4465 poi
1099 4381 1174 4446 uela
1184 4379 1281 4465 quale
1297 4379 1320 4445 li
1337 4381 1446 4446 feceno
1457 4381 1566 4446 clenni

433 4491 576 4577 presenti
592 4511 650 4574 per
666 4490 697 4554 lo
708 4491 821 4569 uivere,
838 4511 902 4553 uon
911 4487 936 4554 li
946 4489 1054 4555 hanno
1070 4491 1123 4574 poi
1136 4487 1222 4554 facto
1239 4489 1433 4556 altramente
1449 4489 1479 4554 le
1496 4509 1567 4573 spe·
1669 4517 1671 4522 ·

433 4620 476 4684 se,
502 4598 559 4664 sed
584 4598 608 4662 li
633 4597 741 4664 hauno
765 4597 908 4680 tractati,
933 4619 1025 4662 como
1050 4598 1233 4663 comuniter
1264 4597 1412 4681 sogliono
1438 4597 1567 4680 feregli,
