3340 5260
691 745 762 805 179.

156 925 255 990 1474.
272 927 404 1012 Mergus
428 923 541 1019 kiru‘ly
556 947 577 987 α
593 923 684 987 teret
701 923 780 986 clleo
806 923 983 998 ladaestinae,
1000 947 1021 986 a
1039 924 1130 988 etrus
1156 923 1290 1008 ellerredq

292 1031 371 1097 ellan
389 1033 530 1097 Kdzmdr
546 1031 667 1118 lcnqyel
683 1029 808 1113 kil-elye
823 1033 853 1093 r's
870 1031 1041 1116 cepitsdgitl
1059 1033 1175 1128 diepa..

265 1208 477 1276 Serenissimo
494 1208 642 1292 Principi
657 1207 801 1276 Domino
817 1209 985 1274 Kasimiro
1003 1207 1137 1275 Polonie
1152 1209 1240 1292 Regi
1257 1215 1291 1272 et

154 1319 280 1401 Magno
297 1315 384 1382 Duci
399 1317 554 1382 Irituanie
574 1323 634 1381 eet.
651 1317 762 1382 Fratri
787 1322 900 1381 nostro
917 1312 1107 1381 Carissimo.
1131 1317 1289 1396 Mathias,

15 1505 16 1510 ἵ
155 1423 220 1489 Dei
236 1426 347 1508 gratia
362 1424 435 1490 Rex
450 1424 632 1507 Hungarie,
647 1423 804 1489 Bohemie
821 1430 880 1524 ect
897 1423 1112 1492 Serenissimo
1138 1424 1289 1508 Principi
1396 1458 1400 1466 =

15 1531 36 1572 ²·
130 1611 134 1618 ⁵
155 1533 306 1614 Domino,
330 1531 476 1617 Principi
500 1532 641 1598 Domino
668 1529 830 1598 Oasimiro
862 1531 999 1598 Polonie
1024 1537 1058 1597 et
1081 1532 1169 1615 Regi
1193 1531 1288 1596 tratri

155 1646 268 1704 nostro
285 1639 464 1705 carissimo.
481 1636 629 1704 Salutem
646 1647 680 1704 et
695 1639 935 1705 omnebonum.

264 1782 476 1849 Serenissime
502 1783 668 1867 Princeps.
701 1782 821 1850 Redite
854 1790 931 1848 sunt
961 1783 1055 1849 nobis
1088 1782 1139 1847 his
1170 1779 1287 1848 diebus

156 1891 252 1957 litere
269 1890 371 1956 Ill-mi
396 1890 560 1974 Principis
579 1891 778 1973 Hassanibe,
804 1891 921 1974 quibus
945 1891 1158 1975 intelligimus
1183 1891 1289 1975 ipsum

68 2060 71 2066 .
156 2020 227 2064 cum
245 1999 332 2064 omni
349 2019 410 2063 sua
424 1999 574 2082 potentia
590 1997 745 2065 adversus
761 1999 978 2083 inpiissimum
992 1999 1173 2064 Tuscorum
1190 1999 1289 2081 impe·

155 2113 298 2174 retorem
313 2105 419 2172 denno
435 2106 638 2188 immersisse,
658 2127 722 2172 non
746 2128 846 2190 parva
871 2128 929 2191 spe
953 2106 1128 2174 christiani
1153 2104 1289 2190 presidii

156 2215 254 2280 etiam
271 2214 436 2294 allectum,
451 2213 539 2278 unde
557 2221 591 2278 et
614 2214 647 2280 in
673 2214 760 2280 calce
785 2217 930 2298 ipsarum
957 2216 1127 2280 literarum
1154 2235 1287 2279 suarum

156 2344 213 2387 nos
239 2322 450 2405 singulariter
476 2323 628 2388 hortatur
654 2323 695 2387 ad
726 2324 984 2388 concurrendum
1016 2325 1140 2406 pariter
1171 2327 1289 2388 contra

156 2428 317 2514 prefatum
350 2429 502 2514 Turoum,
527 2431 647 2495 similes
678 2431 790 2497 literas
822 2431 936 2496 scribit
967 2430 1099 2496 Summo
1125 2429 1289 2507 Pontifici,

156 2536 269 2602 Cesari
287 2543 320 2601 et
337 2543 448 2603 nostre
465 2535 655 2619 Serenitati,
680 2559 762 2622 quas
787 2539 883 2603 simul
911 2559 982 2603 cum
1007 2559 1047 2602 ex
1072 2538 1234 2623 positione
1257 2542 1290 2600 et

157 2643 376 2710 translatione
402 2645 442 2708 de
461 2645 579 2727 'lingua
598 2645 730 2711 Persica
754 2648 789 2712 in
813 2646 951 2712 latinum
978 2647 1067 2712 facta
1092 2648 1125 2710 in
1154 2645 1288 2710 civitate

155 2751 259 2818 Kaffa
274 2753 334 2818 sub
351 2775 449 2818 manu
474 2753 607 2836 publica
630 2759 663 2818 et
689 2753 796 2836 sigillo
821 2753 1006 2818 Reverendi
1033 2754 1139 2838 patris
1154 2752 1289 2817 Domini

154 2860 348 2944 Hyeronimi
364 2859 524 2943 Episcopi
549 2859 635 2924 dicte
652 2858 811 2925 Civitatis
837 2858 1112 2926 transmittendas
1129 2859 1289 2936 duximus,

154 2975 191 3032 ut
206 2968 249 3033 ab
266 2967 414 3033 omnibus
430 2967 644 3050 intelligatur,
661 2976 783 3052 quanta
799 2969 893 3034 nobis
903 2965 1099 3033 Christianis
1115 2989 1135 3033 a
1151 2967 1290 3032 clemen·

153 3077 282 3141 tissime
298 3073 371 3138 Deo
388 3075 619 3156 opportunitas
635 3073 809 3157 profertur,
826 3076 882 3157 qui
904 3075 1052 3139 inimicos
1069 3080 1200 3138 nostros
1216 3093 1289 3137 cum

153 3184 292 3248 inimicis
308 3181 384 3246 fidei
399 3182 542 3263 castigat
557 3188 590 3246 et
605 3181 767 3264 deturbat,
788 3188 888 3264 atque
909 3187 942 3246 et
958 3182 1046 3265 quod
1061 3183 1176 3246 merito
1202 3182 1295 3245 mine

153 3299 185 3356 et
200 3289 393 3356 exterminio
418 3309 529 3354 omnes
554 3289 707 3355 tradendi
732 3311 840 3354 sumus
868 3297 906 3355 et·
926 3311 1098 3373 grecorum
1124 3311 1231 3354 mores
1253 3291 1288 3354 in

153 3398 297 3464 tabulam
329 3398 487 3479 vertendi,
512 3399 538 3462 si
564 3400 693 3481 grecani
714 3398 883 3480 fuerimus
913 3397 1001 3482 quod
1026 3419 1091 3464 non
1118 3389 1288 3482 permittet

152 3507 252 3590 Deus,
276 3507 374 3571 sicuti
388 3505 626 3588 negligentiam
642 3512 676 3571 et
689 3507 970 3589 ingratitudinem.
987 3507 1060 3573 Nos
1076 3503 1290 3572 Serenissime

151 3613 224 3680 Rex
235 3616 305 3699 jam
322 3615 418 3698 plura
434 3614 538 3679 millia
564 3613 731 3679 hominum
757 3615 914 3680 adversus
939 3615 1027 3698 ipsos
1054 3619 1165 3679 turcos
1191 3612 1289 3678 desti·

155 3725 310 3805 nevimus,
319 3722 494 3807 plureque
511 3724 544 3786 in
560 3721 629 3787 dies
645 3724 911 3803 transmittemus,
927 3745 986 3788 nec
1003 3729 1160 3805 quantum
1177 3727 1288 3787 nostre

153 3832 237 3897 vires
253 3829 424 3910 sufficient,
444 3829 653 3912 cessabimus,
680 3830 759 3914 quin
784 3833 850 3896 imo
877 3831 1102 3914 personaliter,
1128 3831 1155 3894 si
1173 3830 1287 3894 videri·

31 3946 34 3956 “
155 3960 234 4020 mus,
250 3960 310 4004 nos
327 3939 421 4022 solos,
439 3937 499 4004 sub
515 3944 610 4004 tanto
626 3945 659 4002 et
676 3939 771 4004 nobis
788 3939 943 4022 imperari
959 3937 1044 4002 feste
1060 3957 1125 4000 non
1136 3937 1296 4019 relinqui,¹

157 4047 285 4113 ardenti
301 4047 410 4112 animo
428 4045 668 4111 descendemus.
685 4045 870 4111 Hortamur
893 4047 1006 4129 itaque
1030 4046 1190 4113 Vestram
1206 4043 1288 4108 Fra-

155 4155 351 4235 ternitatem,
384 4160 423 4219 ut
456 4155 555 4218 etiam
588 4154 661 4236 ipsa
694 4173 766 4217 cum
791 4153 909 4236 Regno
934 4175 992 4218 suo
1017 4151 1116 4217 rebus
1141 4152 1181 4216 iis
1205 4149 1290 4216 adeo

155 4263 344 4346 opportunis
361 4267 395 4326 et
411 4261 602 4327 necessariis
619 4259 791 4325 intendere
806 4261 894 4343 velit,
910 4266 944 4326 et
960 4259 1129 4324 nobiseum
1153 4276 1295 4325 concur-³

155 4391 233 4452 rere,
249 4391 291 4434 ne
307 4374 419 4434 nostro
435 4369 586 4452 neglectu
601 4375 673 4434 tota
689 4363 924 4434 Christianitas
949 4372 1073 4452 pereat,
1093 4365 1284 4432 confidimus

155 4500 292 4564 namque
308 4479 341 4544 iu
358 4477 513 4560 Domino,
529 4479 557 4542 si
579 4476 686 4562 adjuti
711 4476 876 4556 fuerimus,
902 4477 1004 4542 talem
1027 4475 1182 4546 adversus
1198 4476 1288 4558 ipsos

1130 4582 1180 4638 17'
