3336 5258
748 389 983 434 oreuouncnmr
999 375 1167 434 enatuere.

919 588 993 651 293.

391 731 488 796 1480.
513 729 544 796 A
575 732 728 796 cetenezei
744 731 961 798 dilamtaodes
992 732 1184 797 batdrozata
1215 731 1316 816 Vepla
1332 733 1461 816 azipetre
1490 734 1520 795 de
1647 763 1650 768 ¹

589 840 793 927 Frcnp'epdn
808 837 913 906 Jdnos
929 843 978 906 evi
993 840 1205 926 jdraddkdra
1221 843 1322 904 aiace.

391 981 702 1050 MOCOOLXXX.
719 985 772 1050 die
789 984 908 1053 XXV.
925 984 1130 1052 Novembris.

392 1099 411 1158 2
430 1091 602 1176 Sapientes
619 1092 764 1180 Consilij.
920 1093 1112 1161 Certissima
1127 1117 1180 1160 res
1194 1098 1251 1177 est,
1261 1095 1350 1180 quod
1368 1094 1395 1160 si
1406 1091 1523 1159 Comes
1593 1084 1596 1090 ’

392 1200 412 1264 3
430 1199 601 1285 Sapientes
616 1209 639 1266 t.
657 1201 679 1268 f.
872 1204 898 1271 J
900 1225 1020 1270 oannes
1036 1201 1142 1286 Vegle
1167 1202 1292 1268 rediret
1313 1202 1354 1268 de
1378 1202 1522 1286 presenti

392 1307 603 1392 3Sapientes
620 1309 791 1378 Ordinum.
874 1310 917 1376 ad
942 1311 1142 1376 dominatum
1168 1309 1257 1375 illius
1287 1310 1402 1382 insule.
1421 1311 1524 1375 mani-

390 1402 509 1483 lestuin
527 1419 676 1484 imineret
692 1420 870 1502 periculum
887 1419 1025 1505 alicujus
1043 1420 1168 1484 sinistri
1184 1419 1225 1484 de
1240 1419 1299 1484 illa
1316 1425 1450 1486 eventus
1462 1417 1525 1483 dis-

390 1527 555 1592 criminosi
580 1528 680 1592 statui
706 1534 824 1608 nostre,
851 1532 920 1592 tam
946 1529 979 1593 in
998 1527 1144 1612 Hystria,
1168 1548 1268 1610 quam
1292 1528 1327 1592 in
1352 1523 1524 1591 Delmatia

390 1655 455 1699 non
471 1634 577 1699 solum
593 1657 634 1700 ex
649 1635 779 1700 inimico
804 1640 837 1700 et
852 1635 969 1700 infesto
987 1635 1193 1701 subditorum
1218 1635 1326 1701 animo
1348 1636 1382 1699 in
1398 1632 1524 1718 predic-

389 1749 460 1807 tum
471 1742 640 1828 Comitem,
650 1744 709 1809 sed
724 1745 822 1808 etiam
839 1765 878 1808 ex
888 1743 1095 1827 presentibus
1111 1742 1415 1827 perturbationibus
1433 1749 1523 1809 terra

390 1853 547 1936 merique,
573 1873 654 1937 quas
686 1873 796 1920 omnes
829 1856 897 1920 sine
924 1853 990 1920 alie
1020 1855 1226 1938 expressione
1252 1852 1461 1935 intelligunt,
1492 1857 1525 1916 et

390 1967 566 2046 propterea
581 1960 828 2028 deliberandum
845 1969 894 2028 est
910 1963 942 2027 in
958 1963 1107 2047 predicto
1120 1962 1258 2045 negotio,
1278 1961 1412 2026 honeste
1429 1961 1524 2024 simul

391 2077 424 2134 et
441 2069 638 2150 salutariter,
654 2071 737 2136 sicut
754 2092 795 2135 ex
810 2093 876 2136 una
892 2078 986 2156 parte
1005 2072 1132 2155 equitas
1159 2071 1261 2135 nostri
1277 2068 1423 2154 Dominij
1452 2091 1525 2134 sua·

391 2176 457 2256 det,
481 2198 521 2242 ex
546 2177 652 2243 altere
676 2185 783 2244 autem
808 2181 988 2246 necessitas
1014 2181 1087 2263 ipsa
1111 2184 1208 2262 urget
1224 2185 1256 2243 et
1280 2178 1385 2262 cogit;
1404 2177 1524 2242 iccirco

391 2285 483 2351 vadit
498 2307 592 2369 pars:
611 2285 707 2370 Quod
724 2309 784 2371 pro
800 2310 886 2353 nunc
912 2309 1024 2354 omnes
1049 2287 1202 2353 introitus
1228 2284 1333 2352 insule
1358 2286 1525 2351 antediete

390 2393 539 2476 legitimi,
565 2393 691 2459 honesti
721 2403 754 2459 et
785 2396 1021 2476 convenientes,
1062 2395 1174 2478 quales
1202 2394 1354 2460 videlieet
1385 2393 1525 2460 deceant

390 2498 415 2566 J
416 2503 565 2568 usticiam
582 2509 615 2568 et
631 2503 910 2569 mansuetudinem
926 2505 1030 2569 nostri
1046 2501 1189 2588 Dominij
1216 2503 1257 2568 ad
1283 2501 1424 2568 officium
1451 2521 1526 2566 nos·

390 2614 479 2675 trum
497 2607 761 2676 Gubernatorum
777 2610 1000 2694 devolvantur,
1017 2616 1051 2676 et
1077 2610 1182 2676 eidem
1200 2609 1307 2676 officio
1324 2609 1525 2676 auctoritate

391 2716 486 2800 hujus
502 2715 641 2802 00111111]Ι
659 2720 828 2786 commissa
844 2721 887 2785 sit
904 2720 1007 2784 omnis
1025 2739 1113 2802 cura,
1124 2718 1328 2803 gubernatio,
1346 2719 1474 2784 exactio
1493 2726 1525 2784 et

389 2826 545 2902 tractatio
570 2827 763 2892 introituum
788 2829 1019 2912 predictorum,
1044 2827 1084 2893 de
1101 2829 1219 2912 quibus
1236 2827 1317 2892 solvi
1344 2834 1421 2892 ante
1440 2833 1524 2892 trae

392 2937 458 2997 tum
490 2933 632 3000 debeant
663 2936 808 3020 impense
842 2936 1009 3019 regiminis
1044 2943 1078 3000 et
1111 2935 1258 3001 custodie
1290 2935 1467 3018 ordinarie,
1494 2941 1526 3001 et

391 3046 496 3106 totum
526 3041 691 3108 residuum
723 3043 796 3108 dari
825 3050 858 3109 et
887 3043 1077 3128 responderi
1109 3042 1228 3108 debeat
1254 3041 1375 3110 Comiti
1400 3041 1523 3108 Joanni

392 3151 590 3235 supradicto,
607 3173 680 3218 cum
696 3153 758 3218 hac
774 3150 967 3230 conditione,
985 3149 1072 3234 quod
1097 3151 1125 3215 si
1148 3150 1316 3216 residuum
1341 3152 1526 3234 predictum

392 3258 492 3324 fuerit
527 3260 653 3326 ducatis
668 3264 763 3342 1000,
780 3261 829 3326 vel
854 3259 929 3326 inde
949 3280 1066 3344 supra:
1081 3263 1195 3340 totum,
1215 3265 1252 3324 ut
1268 3259 1419 3341 diximus,
1444 3261 1526 3345 ejus·
1649 3285 1652 3292 ·

392 3367 466 3432 dem
482 3365 620 3433 Comitis
638 3370 699 3450 sit3
716 3370 827 3434 sivero
843 3368 965 3433 fuerint
981 3367 1068 3432 infra
1084 3367 1342 3451 suprascriptam
1359 3369 1525 3450 quantita·

391 3482 457 3540 tem
483 3475 609 3540 ducatis
623 3481 727 3542 1000:
744 3477 888 3560 suppleri
904 3499 963 3561 per
979 3475 1066 3542 idem
1081 3475 1222 3541 officium
1239 3475 1359 3541 debeat
1376 3476 1416 3541 de
1433 3498 1527 3559 pecu·

391 3584 456 3668 nijs
474 3583 596 3666 XXX,
612 3591 645 3648 et
661 3584 778 3650 XL-ta
794 3607 852 3668 pro
864 3581 942 3651 O-to
958 3587 1015 3666 ita,
1034 3591 1071 3649 ut
1087 3585 1172 3650 idem
1183 3581 1300 3650 Comes
1317 3585 1382 3649 sive
1399 3585 1527 3668 reddat,

392 3693 457 3758 sive
473 3713 539 3757 non
556 3692 672 3758 reddat
681 3693 789 3760 insula
806 3692 852 3780 (1)
863 3693 1080 3777 tantum,ipse
1096 3692 1307 3760 nibilominus
1326 3692 1444 3760 Comes
1461 3715 1526 3759 non

392 3800 514 3867 habeat
530 3802 637 3866 minus
660 3802 788 3870 ducatis
819 3801 908 3868 mille
925 3803 997 3868 auri
1014 3800 1057 3868 ad
1076 3800 1185 3866 soldos
1213 3804 1277 3865 124
1302 3822 1361 3885 pro
1387 3801 1526 3868 Donatis

392 3910 426 3974 in
451 3931 536 3976 anno
561 3916 595 3975 et
625 3913 754 3977 ratione
779 3913 857 3977 anni
886 3932 907 3976 a
939 3912 1161 3994 suprascripto
1186 3907 1307 3992 officio,
1332 3918 1368 3974 ut
1394 3911 1528 3978 comode

393 4025 427 4083 et
450 4018 637 4085 honorofice
654 4021 760 4086 vivere
786 4020 903 4086 valeat.
927 4021 973 4086 Et
999 4026 1076 4085 suut
1091 4019 1279 4106 hujusmodi
1303 4020 1415 4085 ducati
1439 4019 1528 4084 mille

392 4127 469 4208 neti,
494 4127 591 4194 liberi
616 4135 650 4192 et
673 4131 831 4193 immunes
857 4129 900 4193 ab
927 4128 1014 4194 omni
1039 4128 1176 4212 angaria
1196 4134 1230 4192 et
1244 4127 1420 4210 gravedine
1437 4135 1469 4192 et
1486 4129 1527 4194 ab

392 4235 479 4299 omni
511 4236 642 4300 omnino
666 4237 887 4319 diminutione,
919 4237 1140 4320 incipiantque
1172 4255 1304 4302 currere
1337 4234 1389 4301 die
1421 4240 1527 4320 primo

393 4339 584 4410 Decembris
605 4345 759 4429 proxime.

501 4450 545 4536 -ι-
594 4458 655 4520 131
703 4492 747 4502 -
794 4458 833 4518 11
882 4487 926 4499 -
974 4455 1026 4517 15.

499 4581 655 4642 (Velenczei
670 4581 847 4645 aillomkiinyv
865 4585 923 4631 142.
937 4581 967 4640 1.)
