3356 5266
357 287 421 346 138
712 301 946 347 nrrnormczmr
962 285 1132 347 umrrarmr.

357 463 422 527 rito
438 461 709 528 commendamus.
733 461 826 526 lnter
852 467 962 527 cetera
986 479 1062 523 vero
1087 455 1370 538 consideravimus,
1390 477 1494 539 quan·

354 575 422 636 tum
441 568 604 652 Majestas
619 569 841 652 Imperatoria
856 567 945 634 vobis
962 567 1100 647 dixerat,
1126 569 1160 630 et
1188 569 1305 648 questa
1327 563 1494 628 vobiscum

356 675 466 742 iuerat
476 675 515 742 de
535 676 675 744 subditis
692 679 823 758 nostris,
840 677 979 760 quicum
999 671 1277 757 conspiratoribus
1293 669 1495 754 Tergestinis

358 785 497 865 fuerant,
507 783 638 868 illisque
649 782 793 850 favorem
810 785 1025 868 prestiterant
1040 788 1154 849 contra
1172 785 1295 846 statum
1306 778 1496 864 Majestatis

358 891 432 976 Sue,
448 898 482 958 et
496 913 557 976 pro
574 892 783 959 excusatione
799 892 894 977 hujus
918 894 973 974 rei,
991 911 1117 976 proque
1133 889 1357 955 declaratione
1374 888 1493 953 verita·

356 1002 400 1068 tis
427 1000 569 1068 scribere
583 998 708 1068 Joanni
733 999 873 1067 Gemella
898 1000 1075 1067 secretario
1091 1005 1205 1065 nostro
1230 996 1494 1063 deliberavimus,

356 1111 441 1176 sicut
466 1132 524 1194 per
548 1109 763 1176 introclusum
797 1108 979 1193 exemplum
1011 1105 1174 1190 videbitis,
1200 1105 1280 1190 quid
1312 1105 1403 1171 vobis
1433 1127 1494 1190 pro

358 1227 469 1286 vestra
484 1218 715 1284 informatione
732 1215 932 1283 notificatum
948 1215 1117 1283 voluimus.

467 1340 630 1422 Ceterum,
646 1337 809 1426 quomodo
829 1341 938 1425 magni
963 1341 1175 1407 existimanus
1199 1339 1333 1422 negotia
1349 1339 1495 1406 Tarcho-

358 1473 441 1533 rum,
456 1449 603 1515 volumus
620 1457 653 1515 et
668 1449 760 1516 vobis
776 1448 978 1529 mandamus,
995 1447 1086 1531 quod
1112 1447 1199 1531 apud
1214 1446 1355 1530 Regiam
1372 1447 1495 1532 Majes·

359 1565 462 1625 tatem
487 1579 580 1624 omne
605 1557 748 1624 studium
774 1563 807 1622 et
833 1556 1038 1640 diligentiam
1063 1561 1207 1621 vestram
1233 1555 1429 1638 adhibeatis,
1458 1565 1497 1622 ut

360 1665 522 1750 Majestas
538 1666 610 1750 ipsa
636 1687 669 1732 so
697 1666 849 1749 disponat
874 1673 907 1730 et
932 1671 1061 1730 moveat
1086 1671 1201 1730 contra
1225 1665 1314 1747 ipsos
1338 1663 1496 1747 Turchos,

362 1775 482 1840 cicuta
498 1773 591 1839 nobis
607 1774 641 1838 in
657 1774 819 1840 mandatis
835 1773 965 1839 habetis
981 1779 1014 1838 et
1030 1772 1114 1839 sicut
1130 1771 1229 1836 rebus
1245 1772 1497 1838 christianitatis

362 1901 561 1965 magnopere
577 1883 794 1947 necessarium
810 1901 880 1948 esse
897 1902 956 1966 pro
965 1887 1075 1949 vestra
1084 1880 1258 1965 prudentia
1268 1881 1390 1964 optime
1400 1881 1497 1946 intel·

361 1987 472 2073 ligitis.
487 1989 534 2054 Et
549 1989 590 2054 de
606 2010 756 2056 successu
772 2011 881 2056 rerum
897 1989 1049 2068 omnium,
1066 1988 1171 2071 deque
1181 1987 1272 2054 novis
1289 1995 1322 2053 et
1337 1987 1498 2054 conditio·

364 2095 458 2162 nibus
475 2097 606 2162 illarum
622 2098 765 2182 partium
781 2097 947 2164 nosiacite
958 2118 1017 2181 per
1033 2102 1159 2162 vestras
1175 2095 1365 2179 frequentes
1381 2095 1498 2162 literas

364 2205 527 2286 certiores,
552 2211 585 2271 et
610 2205 652 2270 ab
677 2205 785 2290 Regia
811 2205 990 2289 Mnjestate
1016 2226 1081 2271 non
1106 2203 1296 2288 discedatis,
1322 2204 1378 2270 sed
1410 2206 1499 2288 apud

363 2312 456 2378 illam
471 2319 619 2378 nostrum
634 2319 803 2397 expectate
819 2312 1021 2379 mandatum.

473 2435 618 2505 Comites
634 2437 743 2523 Segne
767 2447 800 2504 et
825 2445 948 2505 statum
972 2460 1084 2504 eorum
1108 2439 1265 2522 volumus,
1288 2445 1325 2503 ut
1342 2437 1500 2504 efficacis-

366 2547 446 2612 sime
461 2547 565 2630 Regie
590 2547 760 2633 Majestati
786 2547 1027 2628 commendetis,
1042 2547 1127 2613 sicut
1142 2548 1365 2631 superioribus
1386 2543 1500 2612 diebus

366 2655 458 2720 vobis
474 2654 660 2740 scripsimus
677 2662 710 2720 et
725 2677 784 2739 per
801 2656 955 2740 alligatas
972 2655 1071 2720 etiam
1088 2653 1130 2719 ad
1147 2654 1304 2738 majorem
1321 2655 1500 2738 expressio-

367 2785 440 2827 nem
457 2761 554 2846 hujus
577 2763 679 2828 nostri
690 2819 691 2823 ,
704 2763 857 2847 desiderij
875 2763 915 2828 de
930 2761 1062 2829 illorum
1078 2765 1325 2830 conservatione
1343 2763 1499 2848 replicari

367 2871 459 2936 vobis
475 2870 709 2937 mandavimus.

475 2996 523 3061 Ut
547 3017 712 3063 successus
738 2997 848 3064 salices
875 2997 989 3064 classis
1015 3011 1127 3064 nostre
1159 2996 1249 3064 vobis
1279 2997 1501 3077 innotescant,

369 3104 565 3189 possitisque
581 3103 654 3168 illos
670 3103 774 3189 Regie
790 3104 963 3190 Majestati
980 3104 1147 3172 declarare
1171 3109 1204 3171 et
1220 3105 1319 3170 etiarn
1345 3105 1419 3171 illas
1436 3103 1502 3171 Ba·

370 3210 504 3276 renibus
520 3216 553 3276 et
569 3208 724 3291 Dominis,
742 3212 798 3295 qui
814 3211 907 3277 vobis
923 3211 1127 3296 videbuntur,
1142 3212 1305 3278 mittimus
1320 3211 1412 3277 vobis
1428 3233 1502 3296 pre-

372 3319 520 3385 sentibus
551 3319 760 3386 introelusum
793 3321 975 3406 exemplum
1006 3322 1176 3387 literarum
1215 3327 1420 3405 receptarum
1458 3321 1502 3388 ab

373 3425 553 3511 Capitaneo
570 3433 682 3493 nostro
697 3428 841 3514 generali
857 3429 965 3495 maris.

482 3535 946 3620 †143-2-1

475 3671 639 3760 ¹(Velenczei
657 3700 845 3766 allemkbnyv.
859 3705 893 3752 44
906 3702 946 3756 t).
