3336 5252
382 268 448 332 344
623 353 624 358 ἵ
733 283 968 331 onnonnozrm
985 270 1155 329 annasse.

381 445 421 510 de
438 445 665 529 progressibus
682 445 777 531 hujus
796 447 958 510 exercitus
984 451 1017 510 et
1043 443 1083 507 de
1110 443 1193 506 dura
1217 461 1257 505 ac
1282 439 1409 506 difficili
1433 438 1518 507 obsi·

383 553 477 619 dione
493 555 702 620 munitissimi
728 555 813 620 arcis
840 553 975 635 Sabacs,
991 551 1109 637 quidve
1127 550 1166 615 de
1183 571 1221 614 ea
1236 550 1368 614 tandem
1395 549 1520 634 sperari

384 671 501 747 posset.
518 664 570 728 Ex
587 670 664 730 tnnc
680 665 763 728 sicut
779 663 886 727 divine
904 661 1072 728 clementie
1090 661 1221 744 placuit,
1231 657 1310 726 XV.
1320 660 1416 744 hujus
1434 681 1522 722 men·

386 773 433 836 sis
455 772 561 856 Regia
588 772 751 858 Majestas
785 794 892 838 arcem
925 773 1030 856 ipsam
1055 793 1115 855 per
1140 769 1339 834 deditionem
1371 767 1522 832 obtinuit.

385 879 457 944 Nec
483 902 555 946 eam
580 903 639 966 per
664 882 823 966 impeturn
849 902 1036 965 expugnaro
1062 879 1174 961 voluit,
1201 898 1274 946 cunr
1299 877 1382 942 inibi
1401 877 1522 942 reclusi

387 995 497 1054 essent
521 988 628 1055 adhuc
654 990 716 1054 vivi
742 991 942 1073 septingenti
965 987 1224 1070 Tur·clri‚'sortos
1250 987 1311 1052 viri
1336 991 1369 1052 et
1394 991 1523 1050 centum

387 1097 560 1180 sexaginta
577 1096 738 1179 mulieres,
755 1118 866 1162 omnes
882 1097 925 1162 ad
941 1119 1084 1182 pugnam
1101 1097 1262 1181 dispositi,
1290 1116 1348 1160 neo
1365 1095 1527 1178 potuisset
1628 1141 1629 1162 2

389 1205 669 1291 obtineri'absque
686 1204 902 1289 plurimorum
919 1213 1104 1271 nostrorum
1132 1203 1219 1270 cede.
1246 1204 1294 1271 Et
1319 1205 1404 1268 sicut
1420 1204 1527 1288 explo-

389 1320 517 1380 ratores
534 1313 740 1394 nuutiabant,
764 1333 969 1396 sumpremus
995 1313 1101 1379 Bassa
1118 1313 1300 1378 Tuscorum
1316 1319 1350 1378 et
1364 1314 1437 1396 ipse
1455 1311 1527 1376 Ali-

389 1422 453 1504 beg
478 1421 521 1487 ad
546 1443 639 1506 opem
665 1421 833 1488 serendam
858 1421 1068 1505 festinabant,
1093 1421 1150 1488 sed
1175 1420 1297 1488 Turchi
1322 1421 1385 1506 ipsi
1417 1441 1527 1487 arcem

392 1530 591 1611 dimitemus,
607 1529 747 1596 humiles
764 1553 803 1596 ac
819 1529 958 1616 suplices
977 1553 1093 1596 manus
1118 1529 1226 1614 regias
1253 1529 1392 1596 osculati
1408 1549 1530 1611 genua·

394 1659 457 1722 que
487 1636 563 1704 flexi
595 1637 784 1704 servitutem
815 1645 1006 1724 perpetuam
1038 1639 1290 1724 spoponderunt.
1328 1637 1531 1720 Introgrossi

394 1765 504 1813 sumus
536 1767 643 1812 arcem
659 1746 765 1831 ipsam
781 1747 923 1815 mirabili
949 1749 1088 1816 artificio
1112 1747 1318 1814 fabricatam.
1344 1744 1436 1810 Nam
1461 1750 1534 1810 tota

395 1855 503 1938 lignea
520 1859 600 1938 erat,
616 1875 730 1924 novem
746 1857 873 1923 toribus
889 1859 1023 1939 munita,
1041 1879 1179 1942 quarum
1200 1879 1265 1924 una
1281 1857 1314 1922 in
1331 1855 1441 1921 medio
1458 1875 1533 1920 eon·

396 1962 541 2029 sistebat.
559 1963 683 2030 Turres
701 1987 775 2030 vero
793 1967 917 2050 ipsoex
934 1968 1096 2052 quercinis
1120 1965 1315 2051 grosissimis
1330 1964 1432 2050 lignis
1448 1985 1534 2028 com·

397 2073 504 2159 pactis
520 2074 614 2157 quasi
631 2073 771 2140 rotunde
788 2081 892 2158 erant,
909 2076 1000 2141 etad
1017 2098 1179 2142 summum
1195 2080 1287 2141 terra
1304 2073 1442 2157 replete.
1463 2069 1535 2138 Neo

398 2202 456 2265 per
472 2180 561 2248 mille
576 2181 659 2249 ictus
675 2183 941 2266 bombardorum,
966 2184 1083 2268 quibus
1109 2206 1149 2250 ex
1174 2185 1260 2250 omni
1287 2189 1382 2268 parte
1409 2180 1536 2264 agitate

399 2289 539 2377 lucrant,
554 2297 783 2357 nocumentum
799 2300 1001 2378 receperunt,
1021 2299 1229 2379 preterquam
1247 2290 1455 2377 insuperfica,
1479 2289 1538 2356 ubi

399 2399 645 2486 propugnacola
669 2422 766 2484 super
791 2403 986 2468 eminebant.
1013 2403 1102 2469 Muri
1129 2402 1280 2468 similiter
1305 2423 1346 2467 ex
1369 2400 1538 2484 quercinis

399 2510 498 2595 lignis
524 2515 558 2576 et
582 2528 697 2594 grosso
722 2509 848 2594 vimine,
873 2517 966 2578 creta
992 2533 1088 2596 super
1112 2513 1245 2597 adjecta
1269 2514 1416 2577 contexti
1432 2515 1539 2576 erant.

401 2617 532 2686 Habuit
547 2617 648 2684 etiam
664 2619 868 2686 antemurale
898 2620 1134 2703 magistraliter
1150 2619 1271 2686 factum
1293 2665 1534 2686 .......

402 2729 517 2793 timum
534 2731 648 2792 contra
664 2747 793 2794 omnem
809 2729 983 2812 impactum
999 2750 1032 2793 se
1050 2726 1279 2794 defendebant.
1295 2725 1488 2794 Mansiones
1507 2727 1541 2792 in

404 2857 479 2903 arce
495 2834 567 2920 ipsa
583 2856 694 2902 omnes
711 2837 770 2904 sub
786 2841 876 2904 terra
892 2838 1115 2904 consistebant
1132 2845 1165 2904 et
1181 2840 1313 2904 intanta
1335 2885 1536 2904 ......

410 2992 568 3011 .....
591 2965 763 3011 numerum
778 2945 942 3012 hominum
960 2948 1176 3030 continerent,
1200 2945 1265 3012 imo
1292 2951 1325 3011 et
1341 2967 1361 3010 a
1376 2943 1543 3030 principio

405 3051 584 3120 obsidionis
615 3054 704 3120 mille
735 3055 874 3120 tercenti
904 3053 1046 3138 fuerunt,
1078 3055 1136 3120 sod
1167 3056 1340 3139 quingenti
1372 3053 1543 3120 interfecti

406 3166 488 3245 sunt,
504 3167 568 3228 et.
598 3212 606 3228 .
635 3211 642 3228 .
672 3211 680 3226 .
703 3161 793 3228 fossa
819 3159 1052 3246 quadringenti
1078 3163 1208 3230 modica
1231 3169 1321 3229 terra
1337 3163 1445 3248 operti
1463 3163 1546 3228 semi

407 3271 525 3356 sepulti
557 3271 675 3355 jacent.
701 3269 773 3337 Alii
799 3276 919 3352 autem,
945 3271 1002 3354 qni
1026 3270 1125 3355 paulo
1142 3277 1227 3352 ante,
1243 3278 1421 3356 antequam
1449 3293 1546 3338 sese

409 3379 575 3462 dederent,
592 3380 834 3446 occubuerant.
865 3430 872 3445 .
902 3429 910 3446 .
940 3429 947 3444 .
963 3379 1126 3464 jacebant,
1142 3380 1299 3447 horribile
1317 3382 1547 3465 spectaculum

408 3488 590 3575 prebentes.
606 3485 716 3553 Tanta
733 3489 828 3572 copia
844 3488 1104 3572 serpentinarum
1130 3495 1163 3555 et
1179 3487 1321 3554 aliarum
1346 3487 1548 3554 bombarda-

408 3620 481 3664 rum
498 3596 742 3681 sagitarumque
761 3595 894 3663 manual
918 3645 1077 3662 .....
1100 3603 1159 3679 est,
1185 3603 1222 3663 ut
1246 3598 1380 3663 credere
1406 3595 1549 3662 diflicili-

410 3727 499 3772 mum
516 3705 569 3771 sit.
585 3703 657 3770 Nec
682 3705 838 3772 victualia
862 3703 1060 3771 deffecerant
1086 3705 1140 3786 eia,
1166 3705 1223 3771 sed
1248 3707 1327 3789 quia
1346 3705 1457 3772 omnia
1472 3727 1551 3790 pro·

411 3812 598 3898 pugnacula
623 3814 809 3894 amiserant,
834 3834 892 3878 nec
911 3811 1051 3897 amplius
1076 3863 1231 3878 .....
1257 3833 1291 3878 se
1307 3819 1490 3898 contegere,
1515 3820 1552 3880 et

411 3943 511 3988 naves
528 3927 657 3987 armatu
673 3921 776 3987 milite
793 3921 950 4006 complete
967 3921 1000 3986 in
1016 3920 1173 3987 fossatum
1189 3921 1417 3988 circumfluens
1444 3924 1553 3989 intro·

411 4028 510 4096 misse
526 4036 630 4110 erant,
640 4050 699 4113 per
715 4049 796 4112 quas
813 4035 963 4094 antemur
981 4077 1140 4094 .....
1157 4030 1332 4114 gnabatur,
1348 4032 1456 4096 coacti
1474 4037 1554 4098 sunt

412 4135 589 4221 potentiori
606 4135 728 4202 cedere.
744 4135 883 4219 Reperti
909 4135 1008 4200 etiam
1035 4140 1110 4201 sunt
1137 4137 1257 4221 captivi
1284 4137 1554 4221 quamplurimi,

415 4267 525 4312 omnes
542 4244 689 4310 libertati
705 4243 819 4309 traditi
836 4248 920 4307 sunt
937 4241 991 4307 Ex
1007 4243 1163 4310 militibus
1180 4245 1292 4328 Regiis
1318 4246 1429 4329 plures
1450 4267 1554 4330 quam

415 4353 546 4419 ducenti
562 4352 594 4418 in
611 4353 682 4437 ipsa
699 4350 865 4418 obsidione
882 4351 1068 4418 occubuere.
1086 4350 1232 4434 Sagitati
1257 4359 1290 4418 et
1307 4351 1478 4435 submersi,
1495 4354 1557 4419 sri-

415 4482 557 4549 goreque
572 4460 693 4546 pluries
710 4461 845 4546 periere.
862 4459 1013 4527 Potiores
1033 4460 1126 4526 multi
1143 4461 1315 4545 vulnerati,
1335 4461 1369 4527 in
1395 4463 1558 4529 tentoriis
