3356 5266
373 355 435 420 136
732 373 967 420 umnouuczmr
983 359 1151 418 amusan.
1171 333 1176 396 '-

368 537 450 602 tium
467 543 615 602 nostrum
630 536 879 601 exhortaremus
907 535 1113 617 capitaneum
1139 531 1347 598 Serenissimi
1370 529 1509 596 Domini

368 642 469 727 Regis
485 642 668 726 Hungarie,
683 649 720 708 ut
736 642 964 726 supersederet
981 639 1022 706 ab
1040 639 1215 706 offensione
1234 640 1378 723 ipsorum
1389 637 1507 706 Domi-

368 773 492 833 nornm,
508 757 541 816 et
556 752 736 834 presertim,
753 750 841 834 quod
857 769 892 814 se
909 749 1050 816 offerunt
1066 753 1155 814 stare
1169 747 1235 831 juri
1255 768 1365 812 coram
1381 745 1506 830 majes-

367 865 436 925 tate
452 859 559 944 Regia
584 859 723 944 prelata.
748 859 997 944 Respondentss
1023 859 1114 925 vobis
1138 879 1210 923 cum
1226 863 1338 922 nostro
1355 854 1504 922 Consilio

367 966 581 1051 litigatorum,
597 965 742 1046 dicimus,
758 967 845 1050 quod
860 988 920 1051 pro
941 966 1170 1040 satisfaciendo
1187 963 1349 1030 desiderio
1373 962 1505 1046 Magni·

368 1075 576 1142 fioenciarum
593 1075 735 1142 Suarum
751 1073 1000 1141 deliberavimus
1017 1080 1050 1140 et
1065 1074 1113 1139 ita
1128 1073 1286 1154 volumus,
1303 1077 1340 1136 ut
1364 1069 1504 1137 mittatis

366 1183 409 1249 ad
424 1181 589 1268 prefatum
617 1184 831 1267 capitaneum,
847 1180 1019 1266 Aloysium
1044 1181 1234 1250 Manentem
1259 1179 1505 1246 Cancellarium

367 1297 513 1358 nostrum
530 1314 601 1356 oum
619 1292 736 1358 litteris
753 1293 868 1357 vestris
884 1291 1177 1358 credentialibuset
1187 1313 1260 1356 cum
1275 1287 1504 1356 commissione

366 1401 492 1466 inclusa
508 1399 714 1484 presentibus
734 1401 861 1465 nomine
877 1406 985 1465 vestro
1002 1399 1164 1478 videlicet,
1190 1405 1224 1463 et
1248 1420 1321 1463 cum
1337 1416 1504 1478 responso,

368 1507 445 1591 quid
471 1507 624 1574 habuerit
649 1515 683 1574 et
708 1508 926 1592 reportaverit
950 1506 1042 1574 uobis
1067 1507 1174 1573 dictus
1190 1505 1356 1591 Aloysius‚
1381 1503 1504 1570 dabitis

366 1617 462 1684 nobis
477 1617 641 1682 noticiam.
658 1615 799 1700 Insuper
815 1616 992 1682 scribemus
1008 1615 1048 1680 de
1065 1615 1116 1680 his
1140 1616 1237 1680 rebus
1262 1615 1296 1678 in
1316 1617 1503 1698 opportuna

365 1725 472 1790 forma
499 1726 634 1794 Oratori
659 1730 779 1805 nostro,
805 1725 861 1810 qui
887 1731 937 1790 est
952 1723 1040 1808 apud
1058 1723 1308 1790 serenissimum
1324 1721 1503 1788 Dominum

365 1831 492 1917 Regem
507 1833 691 1916 Hungarie‚
708 1833 919 1900 hortabimini
935 1830 1092 1918 promodo
1108 1831 1277 1916 presertim
1295 1830 1378 1896 istos
1387 1827 1503 1894 Domi-

365 1961 425 2007 nos
441 1941 644 2024 Magnificos‚
660 1947 696 2006 ut
712 1946 800 2006 stent
816 1939 902 2008 bono
919 1941 1037 2006 animo.
1367 2009 1370 2018 ,

472 2049 630 2116 Nicolaus
655 2048 799 2115 Michael
823 2048 946 2114 Orator
980 2055 1040 2114 eot.
1068 2047 1244 2126 ludovice,
1267 2047 1399 2112 comitto
1430 2045 1502 2123 tibi,

364 2155 450 2240 quod
465 2162 498 2222 te
515 2156 663 2223 conferas
680 2157 723 2222 ad
739 2156 950 2240 Magnificum
975 2157 1050 2222 Mer
1064 2156 1144 2222 Bias
1172 2157 1378 2240 capitaneum
1405 2153 1502 2220 Sere-

364 2265 491 2331 nissimi
507 2264 611 2349 Regis
626 2267 808 2350 Hungarie,
822 2267 873 2332 cui
890 2267 1084 2349 presentatis
1100 2265 1220 2330 litteris
1236 2263 1500 2344 credentialibus‚

364 2372 525 2455 factisque
542 2372 660 2439 debitis
685 2379 719 2438 et
745 2373 1010 2441 convenientibus
1035 2373 1257 2440 oblationibus
1282 2395 1354 2438 meo
1370 2372 1499 2438 nomine

363 2479 495 2562 referas,
520 2481 608 2564 quod
624 2481 857 2548 Illustrissima
872 2483 1064 2549 Dominatio
1080 2503 1152 2547 mea
1168 2488 1258 2548 mota
1270 2481 1340 2565 jam
1354 2485 1500 2564 quatuor

363 2587 529 2654 mensibus
559 2587 735 2675 preteritis,
769 2596 839 2658 tum
875 2589 1087 2658 divisionibus
1117 2589 1301 2674 vigentibus
1327 2590 1410 2654 inter
1438 2587 1498 2653 hos

363 2691 560 2781 Magnificus
575 2695 746 2782 Dominos,
762 2705 830 2764 tum
855 2701 953 2766 etiam
971 2699 1258 2784 depredationibus
1273 2705 1307 2763 et
1331 2698 1499 2762 imminen-

362 2801 451 2869 tibus
467 2806 620 2887 periculis
637 2807 935 2874 crudelissimorum
951 2807 1134 2874 'lurcorum
1150 2808 1238 2874 misit
1252 2829 1304 2872 me
1319 2807 1362 2872 ad
1386 2811 1498 2890 partes

364 2913 447 2978 istas
479 2934 578 2980 causa
608 2917 825 3000 componendi
856 2925 889 2982 et
914 2915 1127 2982 conservandi
1156 2917 1243 3000 ipsos
1273 2913 1432 2982 Dominos
1462 2914 1497 2979 in

361 3021 490 3102 unione,
507 3023 584 3106 quia
602 3024 705 3088 virtus
722 3024 814 3089 unita
830 3023 946 3091 fortior
963 3033 1024 3107 est,
1040 3046 1075 3090 se
1093 3025 1165 3109 ipsa
1180 3023 1336 3107 dispersa,
1352 3029 1385 3086 et
1402 3043 1497 3088 omne

361 3151 497 3216 regnum
514 3132 548 3195 in
565 3153 599 3197 se
615 3133 717 3216 ipsum
743 3131 879 3198 divisum
895 3131 1104 3198 desolabitur.
1130 3130 1196 3198 Sed
1211 3129 1397 3214 intelligens
1414 3131 1497 3196 Tur·

361 3260 416 3305 cos
432 3240 645 3322 proximiores
670 3239 741 3305 fieri
768 3247 801 3304 et
826 3240 1110 3325 Magnificenciam
1130 3239 1229 3308 Suam
1245 3261 1309 3305 non
1328 3259 1400 3306 esse
1413 3241 1497 3307 bene

360 3344 575 3427 satisfactam,
592 3368 652 3430 pro
670 3347 814 3412 amicitia
839 3352 872 3413 et
897 3348 1116 3415 benivolentia
1139 3351 1367 3418 Illustrissima
1382 3350 1496 3416 Domi-

358 3455 449 3520 natio
466 3475 540 3520 mea
555 3455 589 3518 in
606 3453 856 3521 Serenissimum
873 3457 999 3542 Regem
1016 3455 1192 3524 Dominum
1221 3481 1315 3523 suum
1340 3467 1374 3524 et
1398 3457 1496 3524 confi-

359 3561 471 3627 dentia
486 3563 646 3646 sapientie
662 3571 697 3628 et
712 3563 869 3629 bonitatis
885 3566 1134 3651 Magnificencie
1159 3565 1234 3649 Sue,
1247 3567 1392 3652 judicavi
1410 3587 1495 3634 mea-

360 3689 432 3734 rnm
450 3671 594 3753 partium
610 3691 681 3736 esse
697 3673 784 3737 omni
800 3693 900 3757 opera
910 3681 944 3739 et
954 3697 1032 3740 cura
1042 3674 1181 3759 studere,
1192 3675 1278 3760 quod
1295 3677 1350 3741 isti
1360 3675 1496 3743 Domini

359 3785 576 3860 permaneant
591 3780 624 3843 in
649 3781 760 3864 gratia
776 3779 981 3848 Serenissimi
997 3782 1098 3866 Regis
1116 3791 1149 3847 et
1164 3783 1386 3850 benivolentia
1401 3785 1494 3871 Mag·

361 3885 528 3952 nificencie
544 3886 619 3969 Sue,
638 3909 678 3953 ne
705 3890 949 3957 imminentibus
975 3891 1132 3973 hostibus
1157 3893 1283 3977 aliquid
1308 3895 1495 3961 detrimenti

360 4015 400 4060 ex
416 3992 575 4062 diuisione
591 3998 739 4080 patiatur
764 3999 1004 4080 christianitas;
1030 4003 1102 4069 ideo
1128 4025 1199 4068 meo
1216 4006 1346 4070 nomine
1362 4007 1495 4091 rogabis

360 4101 649 4186 Magnificenciam
676 4105 785 4190 Suam,
810 4109 897 4191 quod
921 4111 1052 4193 placeat
1076 4120 1248 4196 acceptare
1272 4115 1391 4180 bonam
1408 4137 1495 4179 men-

360 4217 427 4276 tem
442 4211 557 4278 horum
575 4213 827 4299 Magnificorum
842 4217 1069 4304 Dominorum,
1095 4225 1150 4304 qui
1175 4222 1315 4288 offerant
1331 4245 1366 4288 se
1381 4225 1495 4288 missu-

356 4339 411 4385 ros
441 4327 588 4388 oratores
613 4345 687 4389 suos
711 4323 754 4388 ad
771 4323 1020 4393 Serenissimum
1045 4329 1171 4414 Regem
1198 4336 1231 4401 et
1255 4331 1339 4398 velle
1362 4332 1495 4398 obedire

361 4425 524 4494 mandatis
540 4431 614 4514 suis,
630 4431 807 4516 credatque
823 4433 886 4500 sibi
902 4435 1076 4519 gloriosius
1092 4440 1180 4523 apud
1197 4439 1494 4510 Clementissimum

359 4531 486 4612 Regem
501 4535 646 4606 futurum
664 4539 810 4612 subditos
827 4543 1000 4612 clementia
1015 4547 1049 4612 in
1066 4547 1269 4621 observantia
1285 4550 1397 4620 debita
1420 4573 1494 4624 con·
