<?xml version="1.0" encoding="UTF-8"?>
<!DOCTYPE html PUBLIC "-//W3C//DTD XHTML 1.0 Transitional//EN"
    "http://www.w3.org/TR/xhtml1/DTD/xhtml1-transitional.dtd">
<html xmlns="http://www.w3.org/1999/xhtml" xml:lang="en" lang="en">
 <head>
  <title>
</title>
<meta http-equiv="Content-Type" content="text/html;charset=utf-8" />
  <meta name='ocr-system' content='tesseract 3.04.00' />
  <meta name='ocr-capabilities' content='ocr_page ocr_carea ocr_par ocr_line ocrx_word'/>
</head>
<body>
  <div class='ocr_page' id='page_1' title='image "./magyardiplomacz00mattgoog_0434.png"; bbox 0 0 3336 5258; ppageno 0'>
   <div class='ocr_carea' id='block_1_1' title="bbox 653 369 1259 446">
    <p class='ocr_par' dir='ltr' id='par_1_1' title="bbox 653 369 1259 446">
     <span class='ocr_line' id='line_1_1' title="bbox 653 369 1259 446; baseline 0.002 -3"><span class='ocrx_word' id='word_1_1' title='bbox 653 373 747 446; x_wconf 73' lang='grc'><strong>1479.</strong></span> <span class='ocrx_word' id='word_1_2' title='bbox 1192 369 1259 445; x_wconf 73' lang='lat' dir='ltr'>aar</span> 
     </span>
    </p>
   </div>
   <div class='ocr_carea' id='block_1_2' title="bbox 125 558 1263 1296">
    <p class='ocr_par' dir='ltr' id='par_1_2' title="bbox 125 558 1263 1296">
     <span class='ocr_line' id='line_1_2' title="bbox 126 558 1260 644; baseline -0.001 -20"><span class='ocrx_word' id='word_1_3' title='bbox 126 558 299 641; x_wconf 85' lang='lat' dir='ltr'>desiderai,</span> <span class='ocrx_word' id='word_1_4' title='bbox 316 560 448 644; x_wconf 84' lang='lat' dir='ltr'>quando</span> <span class='ocrx_word' id='word_1_5' title='bbox 464 579 566 625; x_wconf 90' lang='lat' dir='ltr'>venne</span> <span class='ocrx_word' id='word_1_6' title='bbox 583 581 604 624; x_wconf 90' lang='lat' dir='ltr'>a</span> <span class='ocrx_word' id='word_1_7' title='bbox 618 559 748 625; x_wconf 86' lang='lat' dir='ltr'>Milano</span> <span class='ocrx_word' id='word_1_8' title='bbox 764 580 824 642; x_wconf 90' lang='lat' dir='ltr'>per</span> <span class='ocrx_word' id='word_1_9' title='bbox 839 565 933 642; x_wconf 89' lang='lat' dir='ltr'>parte</span> <span class='ocrx_word' id='word_1_10' title='bbox 949 561 990 627; x_wconf 87' lang='lat' dir='ltr'>de</span> <span class='ocrx_word' id='word_1_11' title='bbox 1006 560 1039 628; x_wconf 90' lang='lat' dir='ltr'>la</span> <span class='ocrx_word' id='word_1_12' title='bbox 1054 559 1186 627; x_wconf 83' lang='lat' dir='ltr'>Maesta</span> <span class='ocrx_word' id='word_1_13' title='bbox 1207 559 1260 624; x_wconf 87' lang='lat' dir='ltr'>del</span> 
     </span>
     <span class='ocr_line' id='line_1_3' title="bbox 126 666 1261 752; baseline 0.002 -22"><span class='ocrx_word' id='word_1_14' title='bbox 126 668 192 731; x_wconf 88' lang='lat' dir='ltr'>mio</span> <span class='ocrx_word' id='word_1_15' title='bbox 210 666 330 752; x_wconf 82' lang='lat' dir='ltr'>Signor</span> <span class='ocrx_word' id='word_1_16' title='bbox 346 668 407 750; x_wconf 85' lang='lat' dir='ltr'>Re,</span> <span class='ocrx_word' id='word_1_17' title='bbox 424 667 465 733; x_wconf 90' lang='lat' dir='ltr'>de</span> <span class='ocrx_word' id='word_1_18' title='bbox 480 668 610 752; x_wconf 82' lang='lat' dir='ltr'>parlcre</span> <span class='ocrx_word' id='word_1_19' title='bbox 626 690 700 733; x_wconf 91' lang='lat' dir='ltr'>cum</span> <span class='ocrx_word' id='word_1_20' title='bbox 716 666 756 735; x_wconf 93' lang='lat' dir='ltr'>V.</span> <span class='ocrx_word' id='word_1_21' title='bbox 775 667 981 734; x_wconf 84' lang='lat' dir='ltr'>Excellentia</span> <span class='ocrx_word' id='word_1_22' title='bbox 1005 690 1101 735; x_wconf 86' lang='lat' dir='ltr'>senza</span> <span class='ocrx_word' id='word_1_23' title='bbox 1119 668 1261 734; x_wconf 87' lang='lat' dir='ltr'>testimo-</span> 
     </span>
     <span class='ocr_line' id='line_1_4' title="bbox 125 774 1261 861; baseline 0.003 -22"><span class='ocrx_word' id='word_1_24' title='bbox 125 777 190 859; x_wconf 84' lang='lat' dir='ltr'>nio,</span> <span class='ocrx_word' id='word_1_25' title='bbox 207 775 315 860; x_wconf 87' lang='lat' dir='ltr'>quelle</span> <span class='ocrx_word' id='word_1_26' title='bbox 332 799 445 861; x_wconf 87' lang='lat' dir='ltr'>sanno,</span> <span class='ocrx_word' id='word_1_27' title='bbox 461 776 520 842; x_wconf 90' lang='lat' dir='ltr'>che</span> <span class='ocrx_word' id='word_1_28' title='bbox 536 777 601 841; x_wconf 89' lang='lat' dir='ltr'>mai</span> <span class='ocrx_word' id='word_1_29' title='bbox 617 798 682 842; x_wconf 91' lang='lat' dir='ltr'>non</span> <span class='ocrx_word' id='word_1_30' title='bbox 698 774 744 841; x_wconf 89' lang='lat' dir='ltr'>mi</span> <span class='ocrx_word' id='word_1_31' title='bbox 760 774 795 841; x_wconf 86' lang='lat' dir='ltr'>fu</span> <span class='ocrx_word' id='word_1_32' title='bbox 824 797 986 858; x_wconf 87' lang='lat' dir='ltr'>concesso,</span> <span class='ocrx_word' id='word_1_33' title='bbox 1003 777 1121 861; x_wconf 89' lang='lat' dir='ltr'>perche</span> <span class='ocrx_word' id='word_1_34' title='bbox 1138 799 1159 842; x_wconf 86' lang='lat' dir='ltr'>a</span> <span class='ocrx_word' id='word_1_35' title='bbox 1174 776 1261 843; x_wconf 86' lang='lat' dir='ltr'>Mes-</span> 
     </span>
     <span class='ocr_line' id='line_1_5' title="bbox 126 881 1261 969; baseline 0.001 -21"><span class='ocrx_word' id='word_1_36' title='bbox 126 905 181 950; x_wconf 89' lang='lat' dir='ltr'>ser</span> <span class='ocrx_word' id='word_1_37' title='bbox 198 881 306 950; x_wconf 86' lang='lat' dir='ltr'>Oecho</span> <span class='ocrx_word' id='word_1_38' title='bbox 332 906 398 950; x_wconf 89' lang='lat' dir='ltr'>non</span> <span class='ocrx_word' id='word_1_39' title='bbox 424 885 568 969; x_wconf 86' lang='lat' dir='ltr'>piaceva,</span> <span class='ocrx_word' id='word_1_40' title='bbox 591 885 673 950; x_wconf 87' lang='lat' dir='ltr'>bora</span> <span class='ocrx_word' id='word_1_41' title='bbox 701 905 793 950; x_wconf 87' lang='lat' dir='ltr'>como</span> <span class='ocrx_word' id='word_1_42' title='bbox 809 906 886 952; x_wconf 87' lang='lat' dir='ltr'>vero</span> <span class='ocrx_word' id='word_1_43' title='bbox 912 885 1070 951; x_wconf 80' lang='lat' dir='ltr'><strong>servitore</strong></span> <span class='ocrx_word' id='word_1_44' title='bbox 1095 883 1261 952; x_wconf 89' lang='lat' dir='ltr'>esubdito</span> 
     </span>
     <span class='ocr_line' id='line_1_6' title="bbox 126 993 1262 1080; baseline 0.003 -24"><span class='ocrx_word' id='word_1_45' title='bbox 126 993 284 1074; x_wconf 73' lang='lat' dir='ltr'>sedendo,</span> <span class='ocrx_word' id='word_1_46' title='bbox 311 994 370 1060; x_wconf 90' lang='lat' dir='ltr'>che</span> <span class='ocrx_word' id='word_1_47' title='bbox 395 994 438 1063; x_wconf 88' lang='lat' dir='ltr'>V.</span> <span class='ocrx_word' id='word_1_48' title='bbox 456 993 661 1060; x_wconf 81' lang='lat' dir='ltr'>Excellentia</span> <span class='ocrx_word' id='word_1_49' title='bbox 685 993 873 1080; x_wconf 76' lang='lat' dir='ltr'>intendem,</span> <span class='ocrx_word' id='word_1_50' title='bbox 900 994 982 1059; x_wconf 82' lang='lat' dir='ltr'>dove</span> <span class='ocrx_word' id='word_1_51' title='bbox 1013 1016 1069 1060; x_wconf 89' lang='lat' dir='ltr'>era</span> <span class='ocrx_word' id='word_1_52' title='bbox 1094 994 1128 1061; x_wconf 86' lang='lat' dir='ltr'>la</span> <span class='ocrx_word' id='word_1_53' title='bbox 1152 994 1262 1060; x_wconf 82' lang='lat' dir='ltr'>radice</span> 
     </span>
     <span class='ocr_line' id='line_1_7' title="bbox 127 1101 1263 1185; baseline 0.002 -19"><span class='ocrx_word' id='word_1_54' title='bbox 127 1101 182 1167; x_wconf 90' lang='lat' dir='ltr'>del</span> <span class='ocrx_word' id='word_1_55' title='bbox 199 1123 255 1168; x_wconf 89' lang='lat' dir='ltr'>cor</span> <span class='ocrx_word' id='word_1_56' title='bbox 279 1102 373 1185; x_wconf 82' lang='lat' dir='ltr'>male,</span> <span class='ocrx_word' id='word_1_57' title='bbox 389 1124 440 1168; x_wconf 90' lang='lat' dir='ltr'>me</span> <span class='ocrx_word' id='word_1_58' title='bbox 465 1101 567 1168; x_wconf 92' lang='lat' dir='ltr'>rendo</span> <span class='ocrx_word' id='word_1_59' title='bbox 592 1103 785 1185; x_wconf 84' lang='lat' dir='ltr'>certissimo,</span> <span class='ocrx_word' id='word_1_60' title='bbox 812 1102 871 1168; x_wconf 90' lang='lat' dir='ltr'>che</span> <span class='ocrx_word' id='word_1_61' title='bbox 896 1124 993 1169; x_wconf 89' lang='lat' dir='ltr'>senza</span> <span class='ocrx_word' id='word_1_62' title='bbox 1017 1103 1105 1170; x_wconf 88' lang='lat' dir='ltr'>altro</span> <span class='ocrx_word' id='word_1_63' title='bbox 1124 1103 1263 1170; x_wconf 90' lang='lat' dir='ltr'>consilio</span> 
     </span>
     <span class='ocr_line' id='line_1_8' title="bbox 130 1208 626 1296; baseline 0 -20"><span class='ocrx_word' id='word_1_64' title='bbox 130 1213 280 1277; x_wconf 80' lang='lat' dir='ltr'>berrano</span> <span class='ocrx_word' id='word_1_65' title='bbox 295 1233 393 1296; x_wconf 84' lang='lat' dir='ltr'>proso</span> <span class='ocrx_word' id='word_1_66' title='bbox 409 1212 443 1278; x_wconf 87' lang='lat' dir='ltr'>la</span> <span class='ocrx_word' id='word_1_67' title='bbox 459 1211 513 1276; x_wconf 85' lang='lat' dir='ltr'>via</span> <span class='ocrx_word' id='word_1_68' title='bbox 529 1208 626 1276; x_wconf 88' lang='lat' dir='ltr'>drita.</span> 
     </span>
    </p>
   </div>
   <div class='ocr_carea' id='block_1_3' title="bbox 129 1317 1265 1946">
    <p class='ocr_par' dir='ltr' id='par_1_3' title="bbox 129 1317 1265 1946">
     <span class='ocr_line' id='line_1_9' title="bbox 238 1317 1262 1404; baseline 0 -20"><span class='ocrx_word' id='word_1_69' title='bbox 238 1319 392 1385; x_wconf 80' lang='lat' dir='ltr'>Ceterum</span> <span class='ocrx_word' id='word_1_70' title='bbox 410 1319 475 1383; x_wconf 90' lang='lat' dir='ltr'>mio</span> <span class='ocrx_word' id='word_1_71' title='bbox 492 1340 621 1402; x_wconf 88' lang='lat' dir='ltr'>genero,</span> <span class='ocrx_word' id='word_1_72' title='bbox 638 1319 662 1382; x_wconf 94' lang='lat' dir='ltr'>il</span> <span class='ocrx_word' id='word_1_73' title='bbox 678 1319 775 1402; x_wconf 85' lang='lat' dir='ltr'>quale</span> <span class='ocrx_word' id='word_1_74' title='bbox 792 1341 809 1384; x_wconf 92' lang='lat' dir='ltr'>e</span> <span class='ocrx_word' id='word_1_75' title='bbox 825 1319 857 1384; x_wconf 88' lang='lat' dir='ltr'>al</span> <span class='ocrx_word' id='word_1_76' title='bbox 873 1327 1024 1404; x_wconf 78' lang='lat' dir='ltr'>presente</span> <span class='ocrx_word' id='word_1_77' title='bbox 1042 1317 1206 1404; x_wconf 77' lang='lat' dir='ltr'>Capitone</span> <span class='ocrx_word' id='word_1_78' title='bbox 1222 1317 1262 1384; x_wconf 87' lang='lat' dir='ltr'>de</span> 
     </span>
     <span class='ocr_line' id='line_1_10' title="bbox 129 1423 1263 1509; baseline -0.003 -17"><span class='ocrx_word' id='word_1_79' title='bbox 129 1423 172 1492; x_wconf 92' lang='lat' dir='ltr'>V.</span> <span class='ocrx_word' id='word_1_80' title='bbox 189 1425 398 1492; x_wconf 83' lang='lat' dir='ltr'>Excellentia</span> <span class='ocrx_word' id='word_1_81' title='bbox 413 1447 434 1491; x_wconf 89' lang='lat' dir='ltr'>a</span> <span class='ocrx_word' id='word_1_82' title='bbox 450 1424 635 1509; x_wconf 84' lang='lat' dir='ltr'>Oatignola‚</span> <span class='ocrx_word' id='word_1_83' title='bbox 652 1426 819 1494; x_wconf 85' lang='lat' dir='ltr'>nominato</span> <span class='ocrx_word' id='word_1_84' title='bbox 835 1427 924 1493; x_wconf 90' lang='lat' dir='ltr'>D·no</span> <span class='ocrx_word' id='word_1_85' title='bbox 934 1428 1083 1493; x_wconf 85' lang='lat' dir='ltr'>Antonio</span> <span class='ocrx_word' id='word_1_86' title='bbox 1101 1425 1263 1506; x_wconf 71' lang='lat' dir='ltr'>BuclariS,</span> 
     </span>
     <span class='ocr_line' id='line_1_11' title="bbox 129 1533 1263 1619; baseline 0.001 -20"><span class='ocrx_word' id='word_1_87' title='bbox 129 1537 255 1619; x_wconf 82' lang='lat' dir='ltr'>poteria</span> <span class='ocrx_word' id='word_1_88' title='bbox 272 1557 370 1617; x_wconf 86' lang='lat' dir='ltr'>esser,</span> <span class='ocrx_word' id='word_1_89' title='bbox 386 1535 444 1599; x_wconf 89' lang='lat' dir='ltr'>ohe</span> <span class='ocrx_word' id='word_1_90' title='bbox 461 1533 502 1602; x_wconf 88' lang='lat' dir='ltr'>V.</span> <span class='ocrx_word' id='word_1_91' title='bbox 518 1534 725 1600; x_wconf 83' lang='lat' dir='ltr'>Excellentic</span> <span class='ocrx_word' id='word_1_92' title='bbox 741 1535 769 1600; x_wconf 88' lang='lat' dir='ltr'>cl</span> <span class='ocrx_word' id='word_1_93' title='bbox 787 1538 920 1602; x_wconf 85' lang='lat' dir='ltr'>veriano</span> <span class='ocrx_word' id='word_1_94' title='bbox 936 1537 1094 1602; x_wconf 87' lang='lat' dir='ltr'>rimovere</span> <span class='ocrx_word' id='word_1_95' title='bbox 1110 1557 1130 1600; x_wconf 87' lang='lat' dir='ltr'>a</span> <span class='ocrx_word' id='word_1_96' title='bbox 1147 1542 1263 1618; x_wconf 84' lang='lat' dir='ltr'>questa</span> 
     </span>
     <span class='ocr_line' id='line_1_12' title="bbox 129 1641 1264 1728; baseline 0.001 -20"><span class='ocrx_word' id='word_1_97' title='bbox 129 1644 268 1710; x_wconf 85' lang='lat' dir='ltr'>nativita</span> <span class='ocrx_word' id='word_1_98' title='bbox 284 1665 304 1708; x_wconf 92' lang='lat' dir='ltr'>o</span> <span class='ocrx_word' id='word_1_99' title='bbox 323 1644 408 1708; x_wconf 84' lang='lat' dir='ltr'>altro</span> <span class='ocrx_word' id='word_1_100' title='bbox 424 1649 533 1726; x_wconf 81' lang='lat' dir='ltr'><strong>tempo</strong></span> <span class='ocrx_word' id='word_1_101' title='bbox 550 1641 582 1706; x_wconf 87' lang='lat' dir='ltr'>di</span> <span class='ocrx_word' id='word_1_102' title='bbox 600 1651 716 1726; x_wconf 87' lang='lat' dir='ltr'>questo</span> <span class='ocrx_word' id='word_1_103' title='bbox 741 1642 859 1727; x_wconf 88' lang='lat' dir='ltr'>officio,</span> <span class='ocrx_word' id='word_1_104' title='bbox 876 1666 978 1728; x_wconf 84' lang='lat' dir='ltr'>prego</span> <span class='ocrx_word' id='word_1_105' title='bbox 993 1643 1035 1714; x_wconf 85' lang='lat' dir='ltr'>V.</span> <span class='ocrx_word' id='word_1_106' title='bbox 1051 1643 1264 1724; x_wconf 66' lang='lat' dir='ltr'>excellentia,</span> 
     </span>
     <span class='ocr_line' id='line_1_13' title="bbox 131 1749 1264 1836; baseline -0.002 -19"><span class='ocrx_word' id='word_1_107' title='bbox 131 1752 191 1817; x_wconf 90' lang='lat' dir='ltr'>che</span> <span class='ocrx_word' id='word_1_108' title='bbox 208 1773 266 1836; x_wconf 91' lang='lat' dir='ltr'>per</span> <span class='ocrx_word' id='word_1_109' title='bbox 281 1753 346 1816; x_wconf 89' lang='lat' dir='ltr'>mio</span> <span class='ocrx_word' id='word_1_110' title='bbox 362 1773 470 1817; x_wconf 88' lang='lat' dir='ltr'>amore</span> <span class='ocrx_word' id='word_1_111' title='bbox 482 1773 515 1816; x_wconf 90' lang='lat' dir='ltr'>se</span> <span class='ocrx_word' id='word_1_112' title='bbox 526 1750 669 1833; x_wconf 86' lang='lat' dir='ltr'>dignane</span> <span class='ocrx_word' id='word_1_113' title='bbox 680 1749 720 1816; x_wconf 91' lang='lat' dir='ltr'>de</span> <span class='ocrx_word' id='word_1_114' title='bbox 736 1751 939 1835; x_wconf 86' lang='lat' dir='ltr'>provedcrgli</span> <span class='ocrx_word' id='word_1_115' title='bbox 955 1753 987 1816; x_wconf 89' lang='lat' dir='ltr'>di</span> <span class='ocrx_word' id='word_1_116' title='bbox 1005 1751 1142 1836; x_wconf 80' lang='lat' dir='ltr'>qualche</span> <span class='ocrx_word' id='word_1_117' title='bbox 1159 1752 1264 1834; x_wconf 83' lang='lat' dir='ltr'>degne</span> 
     </span>
     <span class='ocr_line' id='line_1_14' title="bbox 131 1859 1265 1946; baseline -0.002 -21"><span class='ocrx_word' id='word_1_118' title='bbox 131 1861 248 1945; x_wconf 81' lang='lat' dir='ltr'>officio,</span> <span class='ocrx_word' id='word_1_119' title='bbox 264 1863 385 1946; x_wconf 85' lang='lat' dir='ltr'>perche</span> <span class='ocrx_word' id='word_1_120' title='bbox 402 1884 419 1927; x_wconf 90' lang='lat' dir='ltr'>e</span> <span class='ocrx_word' id='word_1_121' title='bbox 435 1883 512 1927; x_wconf 90' lang='lat' dir='ltr'>vero</span> <span class='ocrx_word' id='word_1_122' title='bbox 528 1869 560 1927; x_wconf 92' lang='lat' dir='ltr'>et</span> <span class='ocrx_word' id='word_1_123' title='bbox 583 1860 783 1926; x_wconf 75' lang='lat' dir='ltr'>serlelissimo</span> <span class='ocrx_word' id='word_1_124' title='bbox 801 1859 968 1928; x_wconf 69' lang='lat' dir='ltr'>servitore</span> <span class='ocrx_word' id='word_1_125' title='bbox 984 1863 1024 1928; x_wconf 80' lang='lat' dir='ltr'>(le</span> <span class='ocrx_word' id='word_1_126' title='bbox 1041 1861 1081 1928; x_wconf 88' lang='lat' dir='ltr'>V.</span> <span class='ocrx_word' id='word_1_127' title='bbox 1097 1861 1265 1927; x_wconf 83' lang='lat' dir='ltr'>Excellen-</span> 
     </span>
    </p>
   </div>
   <div class='ocr_carea' id='block_1_4' title="bbox 131 1969 1264 2150">
    <p class='ocr_par' dir='ltr' id='par_1_4' title="bbox 131 1969 1264 2150">
     <span class='ocr_line' id='line_1_15' title="bbox 131 1969 1264 2055; baseline -0.003 -21"><span class='ocrx_word' id='word_1_128' title='bbox 131 1971 249 2053; x_wconf 85' lang='lat' dir='ltr'>tie,ele</span> <span class='ocrx_word' id='word_1_129' title='bbox 265 1970 360 2055; x_wconf 89' lang='lat' dir='ltr'>quale</span> <span class='ocrx_word' id='word_1_130' title='bbox 378 1973 640 2036; x_wconf 88' lang='lat' dir='ltr'>continuamente</span> <span class='ocrx_word' id='word_1_131' title='bbox 657 1971 700 2034; x_wconf 86' lang='lat' dir='ltr'>mi</span> <span class='ocrx_word' id='word_1_132' title='bbox 717 1969 915 2034; x_wconf 86' lang='lat' dir='ltr'>ricomando.</span> <span class='ocrx_word' id='word_1_133' title='bbox 926 1969 977 2034; x_wconf 83' lang='lat' dir='ltr'>Ex</span> <span class='ocrx_word' id='word_1_134' title='bbox 995 1970 1090 2036; x_wconf 85' lang='lat' dir='ltr'>Budu</span> <span class='ocrx_word' id='word_1_135' title='bbox 1100 1969 1264 2034; x_wconf 83' lang='lat' dir='ltr'>XXIIII.</span> 
     </span>
     <span class='ocr_line' id='line_1_16' title="bbox 133 2079 406 2150; baseline -0.015 -4"><span class='ocrx_word' id='word_1_136' title='bbox 133 2079 291 2146; x_wconf 84' lang='lat' dir='ltr'>Octobris</span> <span class='ocrx_word' id='word_1_137' title='bbox 311 2082 406 2150; x_wconf 81' lang='lat'>1479,</span> 
     </span>
    </p>
   </div>
   <div class='ocr_carea' id='block_1_5' title="bbox 177 2204 757 2272">
    <p class='ocr_par' dir='ltr' id='par_1_5' title="bbox 177 2204 757 2272">
     <span class='ocr_line' id='line_1_17' title="bbox 177 2204 757 2272; baseline 0 -2"><span class='ocrx_word' id='word_1_138' title='bbox 177 2206 381 2271; x_wconf 86' lang='lat' dir='ltr'>Excellentie</span> <span class='ocrx_word' id='word_1_139' title='bbox 398 2207 536 2272; x_wconf 86' lang='lat' dir='ltr'>servitor</span> <span class='ocrx_word' id='word_1_140' title='bbox 551 2204 757 2270; x_wconf 85' lang='lat' dir='ltr'>fidelissimus</span> 
     </span>
    </p>
   </div>
   <div class='ocr_carea' id='block_1_6' title="bbox 133 2327 1267 2741">
    <p class='ocr_par' dir='ltr' id='par_1_6' title="bbox 133 2327 1267 2741">
     <span class='ocr_line' id='line_1_18' title="bbox 679 2327 1221 2413; baseline 0.002 -20"><span class='ocrx_word' id='word_1_141' title='bbox 679 2329 887 2395; x_wconf 61' lang='lat' dir='ltr'>‹lustinienus</span> <span class='ocrx_word' id='word_1_142' title='bbox 904 2327 1082 2396; x_wconf 83' lang='lat' dir='ltr'>Oaritellus</span> <span class='ocrx_word' id='word_1_143' title='bbox 1099 2329 1221 2413; x_wconf 83' lang='lat' dir='ltr'>Eques,</span> 
     </span>
     <span class='ocr_line' id='line_1_19' title="bbox 704 2437 1199 2521; baseline 0 -18"><span class='ocrx_word' id='word_1_144' title='bbox 704 2438 830 2503; x_wconf 89' lang='lat' dir='ltr'>Doctor</span> <span class='ocrx_word' id='word_1_145' title='bbox 845 2439 957 2521; x_wconf 79' lang='lat' dir='ltr'>Regia,</span> <span class='ocrx_word' id='word_1_146' title='bbox 973 2437 1199 2503; x_wconf 74' lang='lat' dir='ltr'>Consiliarius</span> 
     </span>
     <span class='ocr_line' id='line_1_20' title="bbox 242 2545 1267 2616; baseline -0.005 -2"><span class='ocrx_word' id='word_1_147' title='bbox 242 2546 362 2614; x_wconf 89' lang='lat' dir='ltr'>Ill-nris</span> <span class='ocrx_word' id='word_1_148' title='bbox 378 2556 412 2614; x_wconf 89' lang='lat' dir='ltr'>et</span> <span class='ocrx_word' id='word_1_149' title='bbox 427 2549 574 2616; x_wconf 78' lang='lat' dir='ltr'>Ero-mis</span> <span class='ocrx_word' id='word_1_150' title='bbox 591 2545 688 2611; x_wconf 84' lang='lat' dir='ltr'>Dnis</span> <span class='ocrx_word' id='word_1_151' title='bbox 712 2547 810 2612; x_wconf 89' lang='lat' dir='ltr'>D-nis</span> <span class='ocrx_word' id='word_1_152' title='bbox 836 2547 984 2612; x_wconf 79' lang='lat' dir='ltr'><strong>Ducibus</strong></span> <span class='ocrx_word' id='word_1_153' title='bbox 1009 2545 1192 2612; x_wconf 81' lang='lat' dir='ltr'>Mediolani</span> <span class='ocrx_word' id='word_1_154' title='bbox 1209 2551 1267 2610; x_wconf 86' lang='lat' dir='ltr'>etc.</span> 
     </span>
     <span class='ocr_line' id='line_1_21' title="bbox 133 2655 684 2741; baseline -0.009 -16"><span class='ocrx_word' id='word_1_155' title='bbox 133 2657 286 2725; x_wconf 84' lang='lat' dir='ltr'>Dominis</span> <span class='ocrx_word' id='word_1_156' title='bbox 303 2657 382 2722; x_wconf 89' lang='lat' dir='ltr'>meis</span> <span class='ocrx_word' id='word_1_157' title='bbox 399 2655 684 2741; x_wconf 79' lang='lat' dir='ltr'>Singularissimis,</span> 
     </span>
    </p>
   </div>
   <div class='ocr_carea' id='block_1_7' title="bbox 243 2821 545 2884">
    <p class='ocr_par' dir='ltr' id='par_1_7' title="bbox 243 2821 545 2884">
     <span class='ocr_line' id='line_1_22' title="bbox 243 2821 545 2884; baseline 0 -14"><span class='ocrx_word' id='word_1_158' title='bbox 243 2822 371 2884; x_wconf 74' lang='lat' dir='ltr'>(Miranti</span> <span class='ocrx_word' id='word_1_159' title='bbox 385 2821 545 2884; x_wconf 69' lang='lat' dir='ltr'>bllamltar.)</span> 
     </span>
    </p>
   </div>
   <div class='ocr_carea' id='block_1_8' title="bbox 621 2996 778 3007">
    <p class='ocr_par' dir='ltr' id='par_1_8' title="bbox 621 2996 778 3007">
     <span class='ocr_line' id='line_1_23' title="bbox 621 2996 778 3007; baseline -0.006 0"><span class='ocrx_word' id='word_1_160' title='bbox 621 2997 670 3007; x_wconf 56' lang='lat' dir='ltr'>-ae-</span> <span class='ocrx_word' id='word_1_161' title='bbox 682 2996 778 3007; x_wconf 55' lang='grc' dir='ltr'>...υ--</span> 
     </span>
    </p>
   </div>
   <div class='ocr_carea' id='block_1_9' title="bbox 669 3237 743 3298">
    <p class='ocr_par' dir='ltr' id='par_1_9' title="bbox 669 3237 743 3298">
     <span class='ocr_line' id='line_1_24' title="bbox 669 3237 743 3298; baseline 0 0"><span class='ocrx_word' id='word_1_162' title='bbox 669 3237 743 3298; x_wconf 81' lang='grc'><strong>269.</strong></span> 
     </span>
    </p>
   </div>
   <div class='ocr_carea' id='block_1_10' title="bbox 137 3410 1272 3612">
    <p class='ocr_par' dir='ltr' id='par_1_10' title="bbox 137 3410 1272 3612">
     <span class='ocr_line' id='line_1_25' title="bbox 142 3410 1272 3496; baseline -0.005 -16"><span class='ocrx_word' id='word_1_163' title='bbox 142 3417 235 3480; x_wconf 83' lang='grc'><em>1479.</em></span> <span class='ocrx_word' id='word_1_164' title='bbox 252 3415 283 3480; x_wconf 86' lang='grc' dir='ltr'><strong><em>Α</em></strong></span> <span class='ocrx_word' id='word_1_165' title='bbox 299 3417 452 3481; x_wconf 79' lang='lat' dir='ltr'>velenezei</span> <span class='ocrx_word' id='word_1_166' title='bbox 478 3414 697 3482; x_wconf 65' lang='lat' dir='ltr'>(tllcmtcoc&#39;cs</span> <span class='ocrx_word' id='word_1_167' title='bbox 722 3413 918 3479; x_wconf 76' lang='lat' dir='ltr'>lratdrozatc</span> <span class='ocrx_word' id='word_1_168' title='bbox 943 3438 964 3478; x_wconf 87' lang='lat' dir='ltr'>c</span> <span class='ocrx_word' id='word_1_169' title='bbox 989 3435 1130 3496; x_wconf 74' lang='lat' dir='ltr'>mappae</span> <span class='ocrx_word' id='word_1_170' title='bbox 1146 3410 1272 3496; x_wconf 75' lang='lat' dir='ltr'>loiru&#39;lyi</span> 
     </span>
     <span class='ocr_line' id='line_1_26' title="bbox 137 3517 1271 3612; baseline -0.01 -22"><span class='ocrx_word' id='word_1_171' title='bbox 137 3525 322 3590; x_wconf 67' lang='lat' dir='ltr'>harlebeck</span> <span class='ocrx_word' id='word_1_172' title='bbox 349 3525 471 3589; x_wconf 81' lang='lat' dir='ltr'>Frr&#39;cul</span> <span class='ocrx_word' id='word_1_173' title='bbox 491 3525 562 3612; x_wconf 82' lang='lat' dir='ltr'>scle‘</span> <span class='ocrx_word' id='word_1_174' title='bbox 586 3523 759 3588; x_wconf 73' lang='lat' dir='ltr'>buzelede&#39;ec</span> <span class='ocrx_word' id='word_1_175' title='bbox 791 3523 1031 3596; x_wconf 80' lang='lat' dir='ltr'>leiivetkeztc&#39;ben‚</span> <span class='ocrx_word' id='word_1_176' title='bbox 1051 3543 1089 3583; x_wconf 81' lang='lat' dir='ltr'>uz</span> <span class='ocrx_word' id='word_1_177' title='bbox 1121 3517 1271 3582; x_wconf 69' lang='lat' dir='ltr'>trdelclett</span> 
     </span>
    </p>
   </div>
   <div class='ocr_carea' id='block_1_11' title="bbox 387 3631 1024 3717">
    <p class='ocr_par' dir='ltr' id='par_1_11' title="bbox 387 3631 1024 3717">
     <span class='ocr_line' id='line_1_27' title="bbox 387 3631 1024 3717; baseline -0.006 -21"><span class='ocrx_word' id='word_1_178' title='bbox 387 3634 581 3699; x_wconf 69' lang='lat' dir='ltr'>veirosokboz</span> <span class='ocrx_word' id='word_1_179' title='bbox 598 3635 629 3696; x_wconf 83' lang='lat' dir='ltr'>e&#39;a</span> <span class='ocrx_word' id='word_1_180' title='bbox 645 3657 664 3696; x_wconf 85' lang='lat' dir='ltr'><em>a</em></span> <span class='ocrx_word' id='word_1_181' title='bbox 681 3633 838 3717; x_wconf 72' lang='lat' dir='ltr'>bodsercq</span> <span class='ocrx_word' id='word_1_182' title='bbox 856 3631 1024 3694; x_wconf 71' lang='lat' dir='ltr'>vezere&#39;bez.</span> 
     </span>
    </p>
   </div>
   <div class='ocr_carea' id='block_1_12' title="bbox 138 3809 1275 4542">
    <p class='ocr_par' dir='ltr' id='par_1_12' title="bbox 138 3809 875 3881">
     <span class='ocr_line' id='line_1_28' title="bbox 138 3809 875 3881; baseline -0.009 -2"><span class='ocrx_word' id='word_1_183' title='bbox 138 3809 525 3881; x_wconf 81' lang='lat' dir='ltr'><strong>MCOCOLXXVHII.</strong></span> <span class='ocrx_word' id='word_1_184' title='bbox 543 3810 595 3875; x_wconf 87' lang='lat' dir='ltr'>die</span> <span class='ocrx_word' id='word_1_185' title='bbox 612 3809 652 3879; x_wconf 92' lang='lat' dir='ltr'>V.</span> <span class='ocrx_word' id='word_1_186' title='bbox 669 3809 875 3874; x_wconf 83' lang='lat' dir='ltr'>Novembris.</span> 
     </span>
    </p>

    <p class='ocr_par' dir='ltr' id='par_1_13' title="bbox 139 3913 1275 4542">
     <span class='ocr_line' id='line_1_29' title="bbox 139 3913 1272 4004; baseline -0.011 -19"><span class='ocrx_word' id='word_1_187' title='bbox 139 3919 313 4004; x_wconf 80' lang='lat' dir='ltr'>Sapientes</span> <span class='ocrx_word' id='word_1_188' title='bbox 333 3918 470 4004; x_wconf 79' lang='lat' dir='ltr'>Consilij</span> <span class='ocrx_word' id='word_1_189' title='bbox 619 3916 762 3982; x_wconf 87' lang='lat' dir='ltr'>Necesse</span> <span class='ocrx_word' id='word_1_190' title='bbox 789 3921 840 3980; x_wconf 90' lang='lat' dir='ltr'>est</span> <span class='ocrx_word' id='word_1_191' title='bbox 864 3921 1000 4000; x_wconf 91' lang='lat' dir='ltr'>propter</span> <span class='ocrx_word' id='word_1_192' title='bbox 1017 3913 1168 3992; x_wconf 76' lang='lat' dir='ltr'>NuntioS,</span> <span class='ocrx_word' id='word_1_193' title='bbox 1191 3929 1272 3994; x_wconf 91' lang='lat' dir='ltr'>quos</span> 
     </span>
     <span class='ocr_line' id='line_1_30' title="bbox 139 4017 1271 4113; baseline -0.011 -19"><span class='ocrx_word' id='word_1_194' title='bbox 139 4029 311 4113; x_wconf 81' lang='lat' dir='ltr'>Sapientes</span> <span class='ocrx_word' id='word_1_195' title='bbox 328 4033 350 4092; x_wconf 90' lang='lat' dir='ltr'>t.</span> <span class='ocrx_word' id='word_1_196' title='bbox 368 4027 388 4092; x_wconf 86' lang='lat' dir='ltr'>f.</span> <span class='ocrx_word' id='word_1_197' title='bbox 570 4025 727 4092; x_wconf 86' lang='lat' dir='ltr'>habemus</span> <span class='ocrx_word' id='word_1_198' title='bbox 762 4024 802 4089; x_wconf 85' lang='lat' dir='ltr'>de</span> <span class='ocrx_word' id='word_1_199' title='bbox 827 4024 970 4090; x_wconf 85' lang='lat' dir='ltr'>adventu</span> <span class='ocrx_word' id='word_1_200' title='bbox 987 4023 1152 4105; x_wconf 84' lang='lat' dir='ltr'>copiarum</span> <span class='ocrx_word' id='word_1_201' title='bbox 1180 4017 1271 4085; x_wconf 88' lang='lat' dir='ltr'>Sere·</span> 
     </span>
     <span class='ocr_line' id='line_1_31' title="bbox 140 4119 1271 4218; baseline -0.011 -14"><span class='ocrx_word' id='word_1_202' title='bbox 140 4119 548 4218; x_wconf 45' lang='lat' dir='ltr'>fflDomirri*R‘e—gis</span> <span class='ocrx_word' id='word_1_203' title='bbox 573 4132 747 4217; x_wconf 84' lang='lat' dir='ltr'>Hungarie</span> <span class='ocrx_word' id='word_1_204' title='bbox 781 4153 892 4200; x_wconf 81' lang='lat' dir='ltr'>uersus</span> <span class='ocrx_word' id='word_1_205' title='bbox 917 4131 1058 4214; x_wconf 83' lang='lat' dir='ltr'>patriam</span> <span class='ocrx_word' id='word_1_206' title='bbox 1084 4128 1164 4194; x_wconf 83' lang='lat' dir='ltr'>Fori</span> <span class='ocrx_word' id='word_1_207' title='bbox 1189 4126 1271 4210; x_wconf 82' lang='lat' dir='ltr'>Julij</span> 
     </span>
     <span class='ocr_line' id='line_1_32' title="bbox 139 4234 1273 4332; baseline -0.011 -21"><span class='ocrx_word' id='word_1_208' title='bbox 139 4247 324 4332; x_wconf 83' lang='lat' dir='ltr'>prospicere</span> <span class='ocrx_word' id='word_1_209' title='bbox 340 4243 462 4324; x_wconf 86' lang='lat' dir='ltr'>tutelle,</span> <span class='ocrx_word' id='word_1_210' title='bbox 480 4242 579 4307; x_wconf 89' lang='lat' dir='ltr'>saluti</span> <span class='ocrx_word' id='word_1_211' title='bbox 604 4247 637 4307; x_wconf 92' lang='lat' dir='ltr'>et</span> <span class='ocrx_word' id='word_1_212' title='bbox 652 4241 872 4308; x_wconf 84' lang='lat' dir='ltr'>incolumitati</span> <span class='ocrx_word' id='word_1_213' title='bbox 888 4238 989 4322; x_wconf 88' lang='lat' dir='ltr'>ipsius</span> <span class='ocrx_word' id='word_1_214' title='bbox 1005 4234 1273 4320; x_wconf 88' lang='lat' dir='ltr'>patrie‚p1·0inde</span> 
     </span>
     <span class='ocr_line' id='line_1_33' title="bbox 139 4343 1275 4436; baseline -0.011 -17"><span class='ocrx_word' id='word_1_215' title='bbox 139 4355 232 4420; x_wconf 72' lang='lat' dir='ltr'>vuilit</span> <span class='ocrx_word' id='word_1_216' title='bbox 258 4373 352 4434; x_wconf 85' lang='lat' dir='ltr'>pars:</span> <span class='ocrx_word' id='word_1_217' title='bbox 379 4350 477 4436; x_wconf 82' lang='lat' dir='ltr'>Quod</span> <span class='ocrx_word' id='word_1_218' title='bbox 503 4352 665 4418; x_wconf 86' lang='lat' dir='ltr'>scribatur</span> <span class='ocrx_word' id='word_1_219' title='bbox 688 4346 885 4415; x_wconf 85' lang='lat' dir='ltr'>Rectoribus</span> <span class='ocrx_word' id='word_1_220' title='bbox 916 4347 1038 4410; x_wconf 88' lang='lat' dir='ltr'>nostris</span> <span class='ocrx_word' id='word_1_221' title='bbox 1067 4343 1206 4424; x_wconf 86' lang='lat' dir='ltr'>Verone,</span> <span class='ocrx_word' id='word_1_222' title='bbox 1238 4350 1275 4407; x_wconf 91' lang='lat' dir='ltr'>ut</span> 
     </span>
     <span class='ocr_line' id='line_1_34' title="bbox 141 4449 1274 4542; baseline -0.013 -14"><span class='ocrx_word' id='word_1_223' title='bbox 141 4460 298 4528; x_wconf 83' lang='lat' dir='ltr'>mandent</span> <span class='ocrx_word' id='word_1_224' title='bbox 313 4457 494 4542; x_wconf 82' lang='lat' dir='ltr'>Magnifice</span> <span class='ocrx_word' id='word_1_225' title='bbox 511 4457 633 4523; x_wconf 87' lang='lat' dir='ltr'>Comiti</span> <span class='ocrx_word' id='word_1_226' title='bbox 645 4457 789 4522; x_wconf 87' lang='lat' dir='ltr'>Antonio</span> <span class='ocrx_word' id='word_1_227' title='bbox 806 4456 847 4520; x_wconf 89' lang='lat' dir='ltr'>de</span> <span class='ocrx_word' id='word_1_228' title='bbox 863 4453 1033 4519; x_wconf 75' lang='lat' dir='ltr'>Marciano</span> <span class='ocrx_word' id='word_1_229' title='bbox 1052 4449 1274 4516; x_wconf 80' lang='lat' dir='ltr'>Gubernatori</span> 
     </span>
    </p>
   </div>
   <div class='ocr_carea' id='block_1_13' title="bbox 140 4560 1274 4654">
    <p class='ocr_par' dir='ltr' id='par_1_14' title="bbox 140 4560 1274 4654">
     <span class='ocr_line' id='line_1_35' title="bbox 140 4560 1274 4654; baseline -0.014 -16"><span class='ocrx_word' id='word_1_230' title='bbox 140 4569 307 4654; x_wconf 82' lang='lat' dir='ltr'>copiarum</span> <span class='ocrx_word' id='word_1_231' title='bbox 332 4574 520 4632; x_wconf 85' lang='lat' dir='ltr'>nostrarum</span> <span class='ocrx_word' id='word_1_232' title='bbox 549 4568 656 4651; x_wconf 85' lang='lat' dir='ltr'>patrie</span> <span class='ocrx_word' id='word_1_233' title='bbox 679 4565 758 4630; x_wconf 88' lang='lat' dir='ltr'>Furi</span> <span class='ocrx_word' id='word_1_234' title='bbox 775 4561 871 4646; x_wconf 82' lang='lat' dir='ltr'>Julij,</span> <span class='ocrx_word' id='word_1_235' title='bbox 891 4569 926 4626; x_wconf 90' lang='lat' dir='ltr'>ut</span> <span class='ocrx_word' id='word_1_236' title='bbox 952 4582 1047 4643; x_wconf 84' lang='lat' dir='ltr'>quam</span> <span class='ocrx_word' id='word_1_237' title='bbox 1074 4560 1274 4624; x_wconf 79' lang='lat' dir='ltr'>festinantis·</span> 
     </span>
    </p>
   </div>
   <div class='ocr_carea' id='block_1_14' title="bbox 0 0 1691 5258">
    <p class='ocr_par' dir='ltr' id='par_1_15' title="bbox 0 0 1691 5258">
     <span class='ocr_line' id='line_1_36' title="bbox 0 0 1691 5258; baseline 0 0"><span class='ocrx_word' id='word_1_238' title='bbox 0 0 1691 5258; x_wconf 95' lang='lat' dir='ltr'> </span> 
     </span>
    </p>
   </div>
  </div>
 </body>
</html>
