3334 5276
641 358 736 423 1466.
1160 443 1164 448 ¹
1219 353 1258 422 15

126 558 187 604 era
202 539 426 604 malcontento
442 543 475 601 et
490 542 606 619 questo
622 536 663 601 he
680 558 765 616 vero,
782 535 902 619 perche
917 557 980 602 ano
997 538 1052 619 gia
1068 542 1191 620 pagato
1207 557 1261 621 sey

125 647 255 718 decime
296 651 332 711 et
361 666 427 710 non
443 645 546 714 ,hano
577 645 670 710 tanto
702 644 923 725 adiumento,
955 651 1076 727 quanto
1107 645 1259 711 solevano

127 753 259 821 havere.

239 863 276 930 Si
293 861 410 934 dubita
425 883 505 947 pero
522 863 566 928 da
581 863 684 946 molti,
700 862 760 928 che
776 863 808 928 lo
823 864 940 931 turcho
955 886 1021 931 non
1037 886 1117 931 vora
1132 865 1257 947 lapaco

124 996 189 1040 con
214 973 294 1056 loro,
317 978 350 1037 et
366 973 505 1038 maxime
522 993 614 1038 como
630 972 685 1056 luy
701 973 794 1055 reda,
809 973 868 1038 che
884 974 953 1039 loro
970 975 1003 1040 la
1020 972 1261 1050 domandando,

126 1080 190 1146 ohe
207 1080 263 1165 lug
279 1086 371 1146 stara
386 1080 469 1146 duro
483 1101 503 1146 a
518 1080 618 1160 voler‚
635 1079 676 1144 de
692 1080 723 1144 le
740 1101 831 1146 cosse
847 1081 891 1147 da
907 1082 986 1162 loro,
1012 1081 1070 1148 che
1086 1080 1166 1146 lorsi
1192 1103 1259 1146 non

3 1269 5 1272 Ι
119 1189 279 1256 credano.
296 1188 388 1254 Inter
404 1188 471 1254 alia
495 1193 636 1272 temero,
651 1186 723 1253 chel
739 1209 804 1254 non
820 1187 845 1252 li
861 1189 1027 1256 domanda
1042 1189 1075 1254 lo
1093 1210 1152 1254 suo
1168 1210 1257 1254 cens·

128 1319 167 1362 so
183 1295 224 1362 de
239 1297 333 1362 molti
356 1296 434 1360 anni
451 1299 584 1379 passati.
600 1293 684 1360 Item
700 1295 760 1362 ohe
775 1297 800 1360 li
816 1295 923 1362 turchi
948 1317 1088 1380 possano
1105 1297 1260 1378 navigare

3 1395 4 1400 ’
128 1404 203 1470 fora
228 1405 280 1470 del
304 1409 428 1472 streete
454 1404 494 1472 de
511 1401 683 1486 Romania,
708 1425 787 1488 pero
804 1405 864 1471 che
881 1404 1016 1472 haranti
1031 1406 1065 1470 la
1081 1425 1200 1489 guerre
1216 1405 1263 1486 gli

131 1533 191 1578 era
207 1513 358 1598 capitale,
375 1512 434 1579 che
451 1514 479 1577 ai
495 1511 676 1580 Vencciani
691 1519 868 1579 trovavano
885 1514 1008 1580 navilio
1032 1513 1072 1580 de
1089 1513 1196 1579 turchi
1213 1511 1263 1578 for

130 1622 186 1687 del
201 1627 322 1688 streete
338 1621 362 1686 li
378 1629 528 1706 potesaro
544 1623 676 1705 impune
692 1622 848 1705 tagliarc
872 1644 959 1706 pezo,
984 1629 1018 1688 et
1043 1624 1123 1687 item
1151 1623 1179 1688 si
1206 1621 1260 1686 du-

132 1730 207 1796 bita
222 1750 285 1794 non
302 1730 325 1794 li
341 1727 505 1794 domanda
521 1729 561 1794 de
579 1731 608 1795 le
624 1731 710 1794 altre
736 1751 833 1796 cossa.
858 1732 943 1796 Item
960 1753 1010 1796 me
1037 1731 1108 1795 dice
1136 1736 1263 1812 custuy‚

3 1923 5 1932 ‚
130 1837 193 1902 che
223 1843 308 1902 stato
334 1837 489 1903 ventilato
513 1843 567 1902 tra
591 1838 671 1921 loro,
698 1840 756 1903 che
783 1861 858 1922 may
883 1839 912 1906 si
929 1845 1087 1922 paterano
1110 1838 1194 1904 fidar
1210 1837 1264 1902 del

131 1945 260 2028 turcho,
277 1945 394 2030 perche
404 1968 468 2011 non
485 1945 508 2010 li
523 1944 680 2012 atendera
696 1969 796 2028 cossa,
806 1947 865 2012 che
876 1949 900 2012 li
916 1968 1057 2032 provoca
1075 1946 1189 2029 qnindi
1205 1967 1264 2029 per

3 2063 5 2104 ὲ
133 2061 285 2138 suspecto
321 2075 393 2119 sera
427 2055 620 2136 necessario,
653 2054 712 2118 ohe
744 2055 777 2120 lc
809 2053 965 2139 Signoria
996 2062 1096 2136 tcnga
1136 2075 1264 2138 semprc

132 2161 246 2226 XXX
272 2164 359 2246 galie
383 2169 508 2228 armate
534 2182 625 2227 como
652 2162 693 2227 sil
718 2161 789 2227 fuse
812 2163 846 2229 la
870 2185 999 2247 guerra.
1018 2162 1075 2227 Ad
1092 2169 1206 2246 questo
1222 2161 1264 2226 he

133 2277 223 2336 stato
248 2271 396 2355 risposto‚
421 2271 481 2335 che
507 2270 677 2336 almancho
702 2271 726 2334 li
750 2291 879 2336 cessare
895 2272 927 2335 la
941 2292 1062 2354 querra
1078 2271 1121 2335 da
1137 2277 1262 2336 terrae

3 2379 5 2424 1
135 2401 201 2446 non
226 2379 251 2444 li
277 2377 453 2464 bisognara
477 2385 569 2444 tener
596 2379 806 2462 gentedarme
822 2379 848 2443 si
865 2400 929 2444 non
946 2401 1005 2462 per
1021 2379 1159 2462 guardia
1175 2379 1215 2443 de
1231 2379 1261 2442 le

3 2489 4 2522 ³
134 2509 192 2553 sue
209 2494 305 2571 terre,
319 2489 397 2553 item
414 2487 529 2554 sarano
544 2487 575 2551 le
592 2509 648 2552 sue
664 2487 865 2552 marchantio
890 2510 910 2551 a
927 2484 1214 2570 Constantinopoli
1232 2495 1265 2552 et

3 2623 5 2686 ᾗ
134 2597 285 2664 tolerans
301 2605 417 2679 questo
434 2597 607 2680 guadagno
624 2597 816 2663 aFirentini
834 2597 1030 2679 thenoese,
1041 2617 1058 2661 e
1068 2618 1133 2680 poy
1149 2595 1265 2662 sarano

135 2713 251 2789 questo
277 2705 423 2789 dispecto
448 2707 481 2770 al
505 2703 635 2789 Papae
658 2705 722 2769 tuti
741 2705 763 2769 li
781 2705 865 2789 preti
882 2711 1003 2788 questo,
1020 2706 1061 2769 he
1079 2710 1204 2788 quanto
1222 2705 1264 2769 ho

4 2871 5 2874 ,
136 2814 244 2879 inteao
260 2813 303 2879 da
317 2819 433 2896 questo
449 2813 514 2880 mio
531 2813 645 2895 emim,
662 2814 740 2897 qual
754 2819 853 2898 tengo
870 2834 946 2877 vero
962 2820 994 2878 ct
1009 2811 1121 2898 fermo,
1138 2834 1204 2878 non
1231 2833 1266 2878 so

136 2943 189 2986 mo
207 2921 318 3004 quello
334 2922 394 2986 che
409 2921 548 3004 aequira.

245 3029 299 3096 Da
324 3053 388 3098 uno
404 3033 490 3097 altro
515 3037 611 3096 canto
626 3030 846 3130 intendopche
862 3030 894 3095 lo
909 3029 1020 3112 figlolo
1036 3030 1089 3095 del
1106 3028 1223 3095 turcho
1240 3029 1264 3093 il

136 3141 243 3206 maior·
259 3141 422 3205 chiamato
438 3139 599 3204 Amorato
617 3139 657 3204 de
673 3159 756 3204 novo
772 3139 813 3204 he
829 3147 947 3205 venuto
973 3137 1050 3204 dala
1076 3137 1212 3205 Natalia
1236 3143 1269 3202 et

6 3303 8 3314 ,
137 3251 180 3317 da
197 3249 412 3318 Trabesonda
427 3271 448 3314 a
465 3246 750 3332 Constantinopoli
767 3255 797 3312 et
814 3248 858 3312 ha
875 3247 1038 3312 conducto
1064 3267 1125 3311 con
1153 3246 1208 3329 luy
1225 3245 1268 3310 da

137 3359 169 3428 V
186 3365 282 3426 cento
307 3360 400 3425 milla
416 3358 538 3423 homini
557 3358 723 3439 marinari,
740 3357 808 3441 apti
825 3357 857 3422 al
874 3377 1016 3440 governo
1040 3355 1080 3420 de
1096 3353 1184 3438 galie
1200 3355 1269 3418 cioe

7 3495 9 3528 z
138 3469 249 3535 comiti
273 3475 306 3532 et
332 3489 430 3552 sopra
455 3467 566 3532 comiti
592 3472 626 3531 et
649 3473 774 3532 mostra
804 3467 893 3531 volcr
909 3465 979 3530 fare
996 3485 1062 3530 una
1077 3460 1203 3546 grande
1220 3483 1269 3525 an

137 3585 244 3662 mata,
257 3578 335 3642 dato
350 3577 409 3640 che
424 3575 513 3640 omni
529 3595 613 3640 anno
629 3575 661 3639 lo
677 3574 793 3640 turcho
810 3574 892 3638 latia
917 3573 985 3637 tale
1011 3570 1267 3647 demostratione

8 3687 10 3694 '
129 3694 324 3772 pertenere
341 3685 601 3768 questabrigata
617 3705 656 3748 su
675 3683 707 3747 la
724 3703 829 3764 spese,
845 3687 877 3745 et
906 3702 970 3765 poy
997 3701 1061 3744 non
1091 3678 1124 3743 la
1151 3678 1266 3742 niente.

138 3796 226 3862 Item
251 3795 279 3859 si
304 3793 386 3874 dioc,
410 3792 479 3877 che,
505 3793 539 3858 la
564 3799 658 3875 porta
684 3791 736 3856 del
763 3790 889 3871 lumbo,
914 3809 1006 3853 como
1032 3810 1090 3872 per
1114 3789 1199 3852 altre
1229 3785 1271 3850 ho

139 3905 272 3988 scripto,
297 3904 326 3967 si
351 3907 484 3986 aspecta
508 3899 563 3965 ala
587 3897 718 3965 Valona
743 3919 804 3962 con
821 3896 1039 3982 grandissimo
1064 3896 1205 3959 exercito
1231 3891 1270 3956 de

9 4061 12 4100 ;
140 4020 236 4080 cento
251 4011 340 4076 millc
357 4031 505 4094 persone,
520 4007 560 4072 de
571 4007 679 4090 quello
696 4008 819 4072 sentiro
831 4006 887 4089 piu
898 4006 996 4086 ultra,
1006 4025 1046 4068 ne
1062 4003 1143 4068 daro
1159 4001 1271 4068 adviso

142 4145 161 4188 a
177 4121 298 4190 Vestre
314 4117 540 4184 Illustrissime
556 4113 713 4198 Signorie.

247 4225 324 4294 Uno
339 4228 425 4292 altro
441 4225 642 4309 gentilhomo
660 4245 711 4288 me
737 4224 779 4288 ha
804 4223 845 4287 de
871 4243 952 4286 novo
979 4226 1127 4286 acertato
1154 4221 1214 4285 che
1240 4219 1273 4284 la

142 4337 295 4423 Signoria
310 4335 458 4402 delibera
472 4334 603 4400 omnino
619 4331 758 4398 mandar
783 4353 841 4415 aoy
866 4329 1106 4396 Ambassadori
1130 4329 1173 4394 ad
1198 4327 1273 4392 risi-

140 4455 211 4514 tare
237 4447 358 4516 Vestro
382 4444 615 4526 Exeeellentie
639 4463 694 4508 ma
710 4441 770 4505 ohe
794 4462 860 4504 non
885 4439 917 4504 lo
942 4438 1020 4502 lanc
1037 4438 1064 4500 si
1082 4440 1198 4518 questo
1214 4456 1273 4517 per

11 4557 13 4580 ³
143 4557 252 4623 alcuni
267 4555 345 4623 boni
362 4555 509 4638 respecti,
526 4573 590 4617 non
605 4551 648 4616 ho
674 4558 791 4636 posuto
817 4568 914 4614 caver
938 4547 1032 4612 altro.
1058 4545 1097 4610 Io
1120 4543 1274 4628 ymagine
