3334 5276
918 816 970 874 98.

380 991 474 1058 1466.
492 989 663 1058 &erardus
677 989 717 1054 de
733 989 832 1058 cono
847 991 1169 1078 kosmepijdmeu
1192 1017 1216 1058 a
1228 993 1370 1057 nitescis·
1388 992 1513 1076 sq'ede·

376 1095 532 1162 deleniret
556 1121 578 1162 o
604 1099 911 1186 myst-mni
944 1101 1163 1190 daonpolrrot
1195 1126 1216 1165 cr
1247 1101 1337 1165 throk
1369 1099 1513 1188 hpyekre
1644 1156 1651 1176 ,

822 1208 1061 1295 ωπαὶὶοιόῖαρ.

484 1381 678 1452 Illustrissio
694 1385 822 1468 Signor.
839 1388 904 1453 Per
920 1390 983 1454 mie
1000 1389 1042 1453 de
1060 1389 1224 1454 ΧΧΠΠ.
1240 1399 1273 1453 61
1296 1385 1434 1452 XXVI.
1451 1387 1512 1454 del

378 1501 525 1576 presente
542 1493 663 1558 Vostrs
680 1495 907 1562 Illustrissimo
927 1495 1080 1580 Signoria
1097 1497 1132 1562 iu
1148 1496 1192 1563 ad
1216 1499 1423 1579 conpimento
1448 1494 1511 1559 ad-

377 1601 482 1666 sisets
498 1600 539 1666 de
556 1600 587 1666 le
603 1605 795 1683 occurentis,
811 1605 851 1668 de
867 1626 941 1688 qua.
960 1609 1097 1670 maxime
1118 1605 1205 1670 dele
1222 1626 1313 1669 cosse
1332 1602 1446 1668 delRe
1466 1601 1512 1666 de'

378 1705 525 1794 Ungsria
541 1719 573 1774 et
590 1722 704 1794 questa
721 1712 883 1794 Signorin.
901 1713 986 1778 Item
1002 1735 1095 1779 como
1112 1736 1169 1778 ers
1185 1725 1301 1776 renute
1317 1711 1434 1777 lettere
1451 1710 1507 1774 alo

376 1815 502 1900 prototo
520 1816 670 1900 Signoris
687 1820 728 1884 dn
741 1817 853 1898 Corsa,
868 1821 939 1886 chel
950 1820 1081 1886 Tarcho
1097 1844 1152 1886 ers
1162 1829 1269 1886 morto
1286 1827 1348 1883 etc.

485 1925 531 1989 Α1
547 1935 695 2010 presente
712 1949 774 1994 non
793 1929 833 1992 lie
849 1930 946 1999 nitro.
962 1929 1062 2008 salvo,
1079 1927 1138 1994 che
1154 1929 1300 1994 sedando
1318 1930 1349 1992 16
1367 1926 1511 1995 Vescho·

376 2052 415 2096 vo
442 2031 482 2098 de
509 2031 647 2109 Caudio,
671 2036 730 2100 che
757 2037 790 2102 ln
807 2035 962 2120 Signoria
986 2038 1089 2104 hares
1117 2038 1200 2104 tolto
1222 2037 1254 2102 is
1280 2058 1437 2121 speranza
1453 2035 1510 2099 alo

379 2139 623 2208 Ambsssodore
648 2143 699 2208 del
728 2145 776 2209 Re
801 2147 842 2210 de
868 2147 1015 2228 [ingeris
1042 2148 1084 2210 de
1099 2147 1185 2212 darii
1201 2147 1318 2213 dinsri.
1334 2166 1393 2228 per
1409 2145 1442 2208 lo
1459 2145 1509 2207 in-

378 2269 472 2330 preso
497 2251 549 2316 (161
576 2251 715 2318 Turcho.
743 2276 836 2320 como
861 2255 884 2318 11
911 2255 1083 2332 1161111616,
1110 2276 1201 2320 oomo
1218 2277 1275 2338 per
1292 2253 1322 2318 le
1339 2252 1425 2318 dicte
1441 2255 1508 2317 mie

380 2354 500 2422 Vostro
527 2360 732 2424 Excellentis
759 2361 792 2425 su
817 2363 975 2442 adnisam,
999 2365 1039 2427 ho
1058 2363 1214 2429 mandato
1227 2383 1286 2446 per
1302 2363 1324 2426 ii
1341 2381 1423 2443 osny
1440 2360 1508 2424 deli

377 2463 463 2540 (1666,
480 2475 531 2531 tra
549 2467 572 2530 11
588 2468 678 2550 qusli
696 2471 742 2532 sie
759 2477 887 2536 trovato
904 2493 968 2536 uno
985 2471 1024 2536 de
1042 2472 1066 2536 li
1082 2472 1159 2536 dicti
1176 2473 1249 2536 cani
1276 2471 1404 2536 Messes
1432 2469 1509 2534 Vic-

376 2581 427 2637 tor·
444 2573 459 2634 1
464 2575 577 2658 366616,
594 2584 729 2658 parente
745 2576 784 2642 de
801 2578 889 2642 dicto
906 2577 1074 2646 Veschoro
1091 2589 1121 2644 61
1141 2581 1185 2644 lis
1201 2580 1290 2645 dicto
1312 2587 1426 2661 queste
1453 2598 1509 2659 ps-

376 2681 454 2760 roio,
480 2703 571 2746 como
598 2685 640 2749 acl
665 2684 718 2768 luy
744 2707 807 2750 non
833 2709 963 2771 parere.
989 2689 1048 2752 che
1066 2689 1097 2752 in
1122 2695 1194 2753 tuto
1211 2689 1238 2751 si
1255 2686 1456 2770 desperasse,
1471 2682 1506 2748 16

377 2789 506 2871 pretato
531 2791 591 2870 Re,
618 2813 677 2874 per
701 2795 795 2858 molti
821 2799 958 2878 respecti
986 2797 1016 2862 16
1034 2798 1150 2880 primo,
1166 2795 1284 2880 perche
1303 2793 1356 2876 loy
1373 2811 1504 2874 sapere,

376 2896 446 2979 chel
463 2897 590 2980 prefato
609 2899 656 2964 Re
673 2901 774 2967 hoves
789 2903 823 2968 in
839 2913 966 2970 secreto
981 2911 1102 2970 streete
1128 2903 1278 2988 praticho
1307 2901 1347 2966 de
1375 2898 1507 2966 scordio

377 3027 437 3071 con
454 3006 486 3071 16
503 3007 626 3085 turcho,
643 3011 721 3091 final
739 3011 869 3094 qnando
885 3011 918 3076 la
934 3015 1147 3096 sequise‚non
1161 3012 1243 3076 iaris
1259 3017 1377 3094 poncio
1387 3008 1421 3073 61
1436 3027 1508 3090 pre·

376 3119 471 3196 posto
498 3113 537 3177 dc
564 3115 595 3180 is
620 3114 774 3199 Signorin
804 3119 887 3186 item
903 3121 1023 3204 perche
1040 3121 1072 3184 16
1096 3120 1226 3204 prefato
1251 3117 1303 3184 Re
1320 3119 1424 3182 hoves
1440 3137 1506 3199 pur

376 3221 499 3287 onchor
515 3223 671 3290 inclinata
688 3226 720 3290 16
736 3228 845 3311 voglio
861 3251 919 3294 sne
936 3236 969 3294 et
986 3229 1028 3292 de
1045 3230 1109 3294 tuti
1126 3229 1149 3294 li
1166 3229 1291 3293 Boroni
1317 3227 1357 3290 (16
1374 3225 1425 3289 sor
1449 3245 1508 3307 ps-

377 3337 506 3394 rentato
523 3352 582 3398 oon
600 3331 724 3399 Vostra
740 3332 943 3401 Celsitndine
960 3345 991 3402 61
1008 3337 1086 3402 dato
1104 3336 1162 3401 che
1179 3357 1249 3400 esso
1275 3333 1447 3402 Veschovo
1473 3331 1506 3395 16

377 3437 494 3502 herese
512 3438 668 3524 alquanto
685 3443 906 3510 interturbato
922 3465 985 3508 non
1002 3443 1034 3507 (11
1051 3445 1191 3508 mancho
1208 3442 1367 3507 tolendoli
1384 3441 1416 3504 la
1432 3461 1505 3524 spe·

376 3567 474 3612 ronne
489 3547 529 3612 de
546 3549 630 3615 donli
648 3551 764 3632 (linari,
780 3553 866 3616 seris
882 3574 999 3619 ossone
1015 3553 1055 3617 de
1066 3551 1150 3617 serlo
1161 3561 1292 3616 tornare
1302 3569 1401 3632 sopra
1417 3549 1507 3614 (11616

376 3655 534 3742 protiohs,
549 3657 583 3722 ln
598 3659 676 3742 qnsl
692 3661 793 3725 etiem
809 3682 874 3724 non
891 3662 979 3726 saria
994 3660 1036 3726 ed
1062 3661 1115 3726 lor
1129 3659 1318 3743 propositio.
1346 3656 1431 3721 Item
1446 3677 1506 3739 per

376 3763 406 3826 le
423 3785 512 3830 cosso
528 3765 568 3832 (16
585 3768 734 3834 Narenta
750 3770 877 3832 noviter
893 3768 1016 3850 piglste
1032 3788 1091 3851 per
1106 3767 1138 3832 la
1157 3765 1320 3850 Signorio,
1335 3763 1394 3830 ohe
1411 3761 1505 3828 horis

376 3877 513 3942 16616116
529 3877 561 3942 ol
578 3875 665 3942 dieto
675 3875 726 3942 Re
737 3875 777 3940 (16
787 3877 931 3960 piglarls
941 3881 973 3941 et
984 3875 1065 3942 forsi
1074 3876 1115 3942 (16
1125 3897 1240 3960 passer
1249 3874 1305 3958 piu
1317 3871 1458 3964 inovanti.
1476 3871 1505 3934 Ε

376 4005 434 4066 per
449 3987 511 4052 tuti
529 3986 634 4067 questi
645 3985 777 4070 rispecti
795 3985 818 4050 11
830 3986 948 4070 prefati
968 3983 1045 4052 dece
1055 4009 1115 4052 con
1127 3985 1159 4050 lo
1169 3991 1265 4050 sonte
1275 3982 1361 4048 hono
1377 3985 1506 4045 rnntoto

376 4095 543 4178 proposito
569 4100 602 4158 et
628 4093 713 4160 hano
739 4095 921 4160 deliberato
956 4095 1035 4160 dore
1066 4117 1087 4159 n
1110 4099 1225 4176 questo
1257 4088 1505 4156 Ambssssdore

374 4199 482 4285 Regio
508 4199 619 4267 direnti
646 4201 682 4266 X
707 4203 794 4267 mille
820 4203 851 4268 al
878 4208 1035 4286 presente,
1060 4224 1120 4266 con
1143 4201 1260 4267 alcuna
1288 4219 1446 4282 speranza
1464 4198 1505 4262 (16

373 4307 457 4375 ilarii
469 4309 508 4374 (16
520 4311 542 4376 11
554 4310 631 4375 altri
649 4319 766 4393 questa
782 4317 886 4377 estate
902 4318 1049 4394 ventura,
1060 4317 1092 4375 61
1104 4317 1218 4393 queste
1235 4329 1327 4374 oosse
1344 4308 1385 4372 ho
1403 4308 1505 4371 hairto

376 4419 430 4484 dni
448 4419 537 4486 dioto
554 4417 723 4502 Oopelono
740 4419 793 4483 del
809 4418 937 4502 pretato
964 4418 1146 4501 Veschovo‚
1172 4417 1249 4501 quel
1275 4440 1291 4482 e
1317 4421 1406 4480 stato
1432 4435 1505 4496 pre-

376 4535 467 4592 sente
484 4549 504 4592 (ι
521 4527 582 4590 inti
600 4527 707 4610 questi
725 4527 948 4594 roxonamenti
966 4534 999 4591 et
1015 4527 1069 4610 ogi
1086 4527 1128 4592 he
1144 4527 1266 4608 scripto
1282 4523 1312 4586 le
1329 4523 1445 4588 lettere
1471 4522 1503 4586 ol
