3334 5276
185 268 187 278 ’
316 258 359 322 m
672 270 908 322 memmenni
922 256 1090 322 aurnuns.

313 433 461 522 Iisgusei
475 434 540 518 ipsi
555 433 744 500 abstineant
760 455 781 500 a
794 433 962 502 favoribus
979 430 1187 514 Turoborum
1201 438 1316 496 eontra
1331 431 1453 516 Majes-

314 541 615 626 pompaticam
632 548 664 608 et
679 563 747 609 nos.
854 596 856 604 ,

424 650 466 734 ,a
514 653 578 714 irs
625 687 667 696 -
715 657 736 716 o
785 653 801 714 1

423 775 577 836 (Velenezei
596 777 777 841 alismkbnyv
792 779 841 826 105
856 777 887 838 i.)

799 956 958 964 ——.

858 1137 908 1198 ll.

316 1285 412 1348 1466.
428 1306 449 1346 a
465 1280 619 1346 odeaczei
634 1279 853 1345 mlamtaaucs
869 1281 1033 1344 utasitdea
1059 1281 1327 1380 mapparoreuipi
1343 1278 1447 1342 keneu

314 1392 446 1471 atraere,
471 1389 611 1478 molybas
631 1415 653 1454 a
677 1411 816 1475 mappor
842 1387 967 1474 kiretpt
993 1413 1015 1451 α
1045 1389 1136 1452 torota
1162 1387 1258 1452 ellam
1284 1387 1446 1452 batorum

315 1498 539 1564 &satiabatetai
570 1500 603 1562 iia
633 1523 654 1562 a
685 1497 868 1584 pauzaepily
909 1499 1001 1560 irrint
1032 1497 1223 1582 iperetelckel
1255 1496 1448 1581 kecseptetm'
1492 1581 1497 1588 .

330 1611 335 1618 ’
799 1604 949 1689 biudaja.

316 1746 601 1816 MOOOOLXVI.
618 1747 670 1811 die
686 1744 766 1813 XV.
782 1744 886 1832 Junij.

317 1854 504 1940 Consiliarij
868 1851 1003 1919 Oratori
1046 1859 1157 1918 nostro
1198 1854 1232 1916 iu
1263 1849 1450 1936 Hungarie.

315 1962 487 2047 Sapientes
504 1961 639 2046 Consilij
656 1968 688 2028 et
803 1960 1000 2045 scripsimus
1016 1959 1107 2027 vobis
1123 1961 1183 2027 sub
1199 1960 1252 2025 die
1262 1959 1308 2025 X.
1319 1983 1450 2044 presen-

410 2069 745 2153 »Ordinumexuepto
801 2069 855 2152 tis,
880 2076 1040 2152 quantum
1065 2089 1148 2152 opus
1164 2089 1234 2133 esse
1258 2070 1451 2151 putavimus,

317 2176 379 2244 Ser
394 2176 730 2244 FrancisooMiehael
800 2199 859 2261 per
885 2175 1121 2261 expeditionem
1148 2199 1169 2242 a
1184 2177 1277 2242 nobis
1294 2177 1450 2243 Oratoris

321 2287 425 2370 Regis
450 2285 640 2372 Majestatis
665 2269 848 2368 Hmigarie,
876 2286 932 2369 qui
958 2304 1125 2367 regressus
1151 2283 1321 2350 alummo
1337 2285 1451 2351 Ponti-

316 2393 375 2465 fioe
391 2393 557 2480 adipsum
571 2393 699 2476 Regem
714 2391 878 2478 proiectus
894 2400 961 2474 est;
985 2400 1018 2458 et
1035 2398 1194 2476 quantum
1211 2393 1310 2457 etiam
1327 2392 1451 2458 babue-
1513 2452 1519 2460 .

316 2523 427 2568 ramus
444 2503 485 2568 de
501 2501 645 2568 adventu
661 2501 762 2566 Turoi
778 2501 812 2564 in
829 2499 1008 2567 Albaniam
1024 2521 1097 2566 oum
1123 2502 1266 2566 exercitu
1291 2502 1450 2584 potentis-

318 2613 408 2693 simo,
425 2613 510 2676 siout
525 2611 559 2676 in
574 2609 640 2675 illis
656 2608 776 2676 litteris
791 2609 923 2692 nostris,
940 2629 1022 2691 quas
1038 2609 1214 2693 replioates
1230 2609 1275 2675 ad
1285 2610 1452 2676 cautelam

196 2780 198 2788 ,
316 2718 479 2806 mittimus
505 2717 557 2782 his
581 2717 765 2802 adjunctas,
788 2716 956 2798 videbitis3
982 2723 1097 2800 postea
1127 2715 1300 2783 habuimus
1325 2718 1452 2783 litteras

321 2830 448 2891 vestras
464 2825 529 2890 diei
546 2822 743 2892 XXVIIII.
760 2822 843 2908 Maij
861 2825 1009 2907 proxime
1024 2823 1120 2908 lapsi,
1137 2824 1311 2907 exquibus
1327 2824 1453 2890 intelle-

323 2933 438 3013 ximus,
464 2939 620 3015 quantum
636 2930 724 2997 idem
749 2930 823 2996 Rex
848 2932 997 2997 nunoiari
1024 2931 1117 2997 vobis
1141 2931 1226 3013 iecit,
1251 2933 1292 2998 de
1317 2953 1453 2998 accessu

321 3039 421 3105 Turoi
436 3059 509 3105 oum
536 3059 595 3105 suo
613 3039 805 3106 exercituin
821 3036 1009 3122 Albaniam,
1032 3059 1071 3105 ao
1096 3039 1286 3106 instantiam
1311 3061 1371 3124 per
1394 3061 1452 3107 vos

318 3146 451 3230 iactam,
466 3155 504 3213 ut
519 3147 682 3232 Maiestas
699 3145 767 3213 Sua
783 3169 816 3212 se
833 3155 976 3214 moveret
992 3147 1036 3214 ad
1059 3148 1181 3214 damna
1206 3149 1352 3214 comunis
1379 3148 1452 3214 bos-

316 3255 360 3320 tis
376 3261 409 3320 et
424 3255 571 3322 looorum
589 3276 729 3322 suorum
740 3255 905 3340 Adquam
920 3256 1091 3341 1·em,siout
1107 3255 1260 3340 scribitis,
1275 3255 1343 3322 Sua
1360 3253 1453 3321 Sere-

317 3361 404 3427 nitas
430 3384 495 3428 non
523 3368 573 3428 est
596 3383 796 3447 processura.
813 3363 859 3429 Iit
874 3365 1112 3448 respondentes
1128 3363 1232 3432 Vobis
1248 3385 1321 3430 cum
1338 3369 1450 3428 nostro

319 3466 466 3535 Consilio
481 3469 686 3554 Rogatorum
702 3471 859 3557 volumus,
875 3471 961 3554 quod
979 3472 1220 3556 quamprimum
1246 3471 1340 3538 adire
1363 3492 1453 3538 oure.

319 3579 362 3644 tis
378 3581 447 3644 eius
462 3580 673 3664 presentiam,
689 3579 825 3647 dicendo
842 3581 913 3664 sibi,
930 3583 1016 3664 quod
1041 3581 1248 3666 significastis
1273 3579 1371 3647 nobis
1387 3602 1453 3646 res-

318 3707 456 3770 ponsum
480 3689 569 3754 eirea
593 3688 654 3754 hoc
671 3687 818 3756 habitum
835 3689 963 3755 nomine
981 3688 1046 3756 Sue
1063 3671 1275 3771 serenitatim
1296 3711 1360 3772 quo
1377 3709 1451 3774 pro-

320 3793 405 3860 fecto
422 3816 495 3862 oum
515 3796 559 3860 sit
574 3797 717 3862 alienum
732 3795 774 3863 ab
790 3797 878 3862 omni
895 3799 1138 3882 exspectatione
1154 3803 1276 3879 nostra,
1294 3805 1326 3862 et
1342 3820 1362 3863 a
1377 3817 1451 3881 grs-

318 3904 456 3969 vissimis
480 3909 514 3970 et
524 3906 673 3971 maximis
683 3905 1057 3990 perieulisjminentibus
1068 3905 1187 3972 nedum
1196 3912 1304 3972 terras
1316 3910 1349 3970 et
1359 3904 1449 3970 loeas

319 4009 779 4099 nostrisprovincieJAlbanie,
791 4014 958 4079 sedetiam
977 4013 1224 4096 christianitati,
1241 4011 1454 4096 cogimurad-

320 4121 430 4186 mirati
449 4121 625 4204 plurimum
643 4141 682 4186 ae
695 4121 815 4188 dolere.
830 4119 919 4186 Nam
935 4121 1011 4186 lieet
1018 4121 1187 4190 fecerimus
1198 4143 1257 4206 per
1278 4121 1454 4188 adventum
1583 4193 1588 4197 ,

321 4229 424 4294 bostis
440 4230 533 4295 istius
548 4228 582 4293 in
601 4228 787 4311 Albaniam,
804 4251 916 4296 omnes
933 4230 1008 4296 illas
1024 4232 1233 4315 provisiones,
1251 4251 1332 4314 quas
1348 4231 1454 4312 potui-

320 4359 392 4404 mus
416 4343 483 4402 tam
508 4337 685 4418 galearum,
711 4359 808 4420 quam
825 4338 974 4421 gentium
991 4337 1163 4404 missarum
1181 4338 1224 4403 ad
1240 4338 1313 4402 illas
1331 4343 1455 4421 partes,

320 4467 403 4534 quas
416 4444 503 4511 ferro
520 4449 552 4508 et
568 4441 644 4528 igne
661 4444 773 4510 hostes
789 4446 861 4530 ipse
877 4445 1053 4527 destruere,
1081 4451 1114 4510 et
1138 4465 1328 4527 expugnare
1356 4464 1453 4509 oona-
