3334 5276
393 337 449 400 34·
746 343 1173 406 preconczrsr'ussrrmrsmr.

264 555 271 560 -
394 516 427 580 io
453 515 617 582 mendatis
648 515 769 582 hebere
801 519 879 584 dicit
912 519 965 583 hic
997 541 1060 585 ιιοιι
1092 518 1274 601 differendi,
1291 521 1347 586 sed
1377 515 1532 588 citissime

393 621 559 716 redeundi
584 623 631 688 Et
655 625 745 690 nullo
771 627 867 692 modo
893 637 942 692 est
967 627 1233 694 committendum
1258 635 1295 694 ut
1313 631 1385 695 sine
1401 651 1533 714 respou-

394 731 487 796 sioue
503 731 643 798 recedat.

411 875 413 880 ·
506 833 611 906 Vadit
636 861 721 923 pars,
747 841 834 924 quod
859 843 964 908 eidem
991 841 1125 910 Oratori
1150 845 1296 910 dicatur:
1323 845 1393 911 Nos
1409 848 1530 928 optime

394 946 596 1020 intellexisse
613 969 661 1023 ec,
677 970 739 1030 que
756 947 792 1012 Ρ.
804 947 873 1014 Sua
887 949 993 1033 pridie
1010 951 1105 1016 nobis
1121 954 1270 1036 exposuit
1285 956 1415 1018 nomine
1425 953 1531 1036 Regio

404 1055 573 1138 Msjestat'
565 1079 592 1120 rs
627 1056 713 1119 circa
740 1057 896 1139 oppidum
924 1055 1017 1140 Clisij
1033 1067 1095 1138 et
1121 1059 1282 1141 quomodo
1313 1056 1400 1126 inter·
1425 1071 1533 1127 cetera

398 1163 873 1230 dixerctostensurumetect.
899 1216 906 1229 .
930 1215 938 1230 .
962 1216 969 1230 .
994 1217 1001 1231 .
1025 1217 1032 1230 .
1058 1217 1064 1230 .
1090 1217 1097 1231 .
1122 1217 1129 1230 .
1153 1217 1160 1230 .
1185 1219 1191 1232 .
1216 1217 1222 1231 .
1247 1217 1254 1235 .
1279 1168 1344 1234 Sed
1373 1169 1428 1234 uhi
1453 1191 1533 1253 opus
1603 1253 1609 1260 .
1653 1147 1655 1178 ⁵

396 1271 630 1337 ridereturoe
656 1269 870 1338 Providereut
895 1281 927 1338 et
956 1275 1181 1340 subvenirent·
1150 1283 1180 1340 t.
1270 1325 1276 1340 .
1302 1328 1308 1340 .
1334 1328 1340 1342 .
1366 1326 1375 1342 .
1399 1329 1406 1342 .
1431 1329 1437 1342 .
1463 1329 1469 1344 .
1494 1319 1530 1342 ι.

377 1367 543 1445 'Arcentis
561 1385 671 1445 autem
687 1380 747 1461 his,
772 1403 835 1463 que
859 1380 1050 1448 Paternitus
1067 1383 1133 1449 Suu
1161 1387 1289 1448 nominc
1314 1385 1416 1468 Regis
1442 1387 1533 1452 uobis

394 1489 552 1571 exposuit,
580 1485 611 1554 iu
639 1489 777 1554 materia
803 1491 960 1572 predicte,
985 1493 1122 1557 dicimus
1146 1495 1316 1559 molestum
1344 1491 1436 1558 uobis
1461 1515 1528 1559 esse

394 1597 507 1662 audire
518 1588 705 1680 quicquum,
724 1599 811 1681 quod
828 1597 933 1684 Regis
944 1600 1416 1684 Sublimitatisdisplicentiam
1428 1603 1529 1668 ullum

398 1703 587 1770 ufferstsEt
604 1725 644 1768 ex
661 1727 746 1770 nunc
763 1701 973 1790 Majestutem
993 1711 1097 1793 ipsam
1124 1709 1351 1790 certificemus
1377 1710 1464 1792 quod
1486 1711 1526 1774 de

401 1817 508 1877 castro
534 1811 590 1876 illo
618 1834 680 1876 non
707 1815 917 1898 impediemus
945 1837 1001 1880 nos
1027 1824 1060 1881 et
1079 1817 1123 1880 sir
1140 1817 1531 1882 scribemus-Rectoribus

403 1920 533 2003 nostris.

426 2017 553 2109 -.‚÷‘
599 2032 640 2093 er
690 2065 733 2078 -
780 2034 823 2094 ss
869 2069 912 2078 -
962 2036 1010 2095 ιι.

400 2127 600 2220 Ser-'Vitatis
618 2136 735 2200 Laudo
778 2137 781 2171 r
875 2135 973 2220 Quod
1000 2140 1107 2204 comiti
1139 2145 1251 2204 nostro
1277 2135 1404 2220 Speleti
1435 2141 1531 2205 scribi

399 2223 491 2308 miles
507 2239 614 2310 Oons:
829 2266 894 2308 nou
912 2249 1015 2328 possit*
1039 2249 1126 2312 circa
1153 2247 1325 2312 materiem
1341 2244 1437 2328 Clisij
1465 2249 1531 2312 siim

398 2352 459 2418 hoc'
469 2335 838 2417 Consilicffi'v'erba
856 2351 913 2417 illa
931 2363 1096 2436 postrema
1111 2356 1145 2418 in
1160 2360 1254 2437 purte
1271 2355 1431 2436 superiori
1450 2375 1534 2420 nuuc

395 2467 502 2543 capis,
512 2459 662 2526 videlicet
675 2466 728 2525 »et
738 2460 784 2524 sic
795 2459 1191 2528 scribemus‹Rectoribus
1202 2462 1322 2526 nostris
1333 2469 1535 2528 revocentur.

515 2578 546 2637 4
600 2571 641 2631 86
688 2607 731 2617 -
780 2571 799 2630 2
846 2607 890 2617 -·-
938 2575 967 2634 8.

501 2731 658 2790 (Velenczei
672 2731 851 2796 dllsmkdnyv
865 2739 889 2784 4.
904 2735 934 2794 l.)

936 3127 988 3188 21.

395 3289 492 3352 1466.
507 3287 681 3353 &erardus
696 3287 734 3351 de
752 3285 850 3352 Collis
865 3287 1007 3351 midensi
1024 3285 1111 3352 kdvet
1131 3289 1328 3355 Velenczttut
1348 3315 1369 3353 α
1387 3291 1527 3356 milrtuo'i

393 3398 550 3482 krrczepet
575 3417 615 3456 oz
640 3394 726 3459 cloec
743 3394 983 3481 fejedelmcktdl
1009 3420 1030 3459 a
1060 3396 1164 3460 duret
1190 3397 1270 3461 clleo
1299 3411 1528 3474 merezavazott

392 3501 539 3590 pducdelt'
555 3502 787 3588 septlyezr‘srdl‚
812 3525 828 3565 s
855 3503 986 3589 Mdtycts
1009 3501 1191 3588 kirdlyuak
1216 3506 1413 3591 rseborszdpi
1437 3505 1528 3570 tubo-

695 3612 819 3694 rrtjdra
834 3609 1079 3697 couatdozo'lcy,
1095 3613 1226 3677 drtesitr'.

502 3765 726 3837 Illustrissimi
742 3767 884 3852 signori,
901 3763 972 3854 mey
989 3767 1258 3854 Singulsmssimi.
1276 3773 1331 3838 Ho
1358 3779 1446 3839 stato
1464 3796 1528 3858 quo
1654 3839 1655 3852 ,

395 3879 448 3946 alc
474 3877 624 3962 Signoria
648 3878 790 3946 Nicholc
817 3872 969 3944 Sodorini
1001 3883 1034 3942 et
1060 3879 1202 3964 perlato,
1218 3879 1277 3946 che
1303 3881 1385 3946 hebe
1411 3903 1471 3948 corr
1497 3883 1528 3950 lc
1653 3855 1655 3946 i

393 3986 525 4072 prefata
541 3985 704 4070 Signum,
721 3986 747 4050 si
775 4006 814 4050 ne
840 3985 1003 4050 ritorrrato
1028 4007 1049 4050 s
1074 3986 1208 4070 Ferara,
1225 3987 1267 4052 D.
1283 3987 1413 4070 Angclo
1430 4012 1470 4054 ne
1488 3989 1528 4054 D.
1654 3999 1655 4014 ¹

394 4093 558 4161 Detiselvi
573 4115 638 4160 ιιοιι
656 4093 802 4176 intendo,
818 4093 840 4158 li
858 4095 907 4159 sic
924 4101 1011 4160 stato
1028 4115 1119 4160 como
1136 4117 1194 4160 era
1210 4095 1308 4179 dicto,
1324 4119 1378 4162 ma
1389 4098 1429 4162 he
1447 4098 1528 4162 bene
1653 4153 1655 4172 ,

394 4209 511 4269 renutu
528 4201 665 4268 Andrea
682 4200 759 4266 dala
775 4200 948 4278 Bacchum
958 4223 1037 4285 pare
1053 4224 1114 4285 pur
1132 4203 1183 4268 chi
1199 4210 1348 4269 trumenc
1363 4204 1402 4269 de
1419 4205 1527 4270 volere

394 4310 472 4392 fsrc,
488 4309 547 4376 che
562 4309 776 4376 Bauolomeo
794 4307 952 4392 Cogliono
968 4309 1089 4375 {ecesse
1106 4312 1245 4394 qualche
1271 4319 1369 4395 ponc
1371 4333 1390 4375 o
1415 4320 1529 4376 contre

395 4417 544 4499 sirenus,
559 4419 646 4484 bene
657 4415 730 4482 chio
746 4415 843 4482 credo
859 4437 934 4482 non
950 4421 974 4483 li
999 4441 1137 4486 reusam
1162 4422 1193 4486 lo
1210 4421 1370 4505 pensiero,
1387 4441 1449 4504 pur
1464 4443 1527 4485 non
1653 4413 1655 4464 ἶ

394 4523 446 4608 he,
452 4523 520 4588 che
536 4545 599 4589 uon
617 4525 649 4589 lo
666 4525 852 4590 richiedeno
869 4548 885 4590 e
902 4527 961 4594 ohe
977 4549 1042 4592 non
1057 4535 1219 4595 tramano
