3340 5260
730 345 824 410 1470.
1273 340 1336 407 195

208 525 314 608 capite
332 533 366 592 et
381 525 529 610 principe
546 525 679 592 Summo
695 522 855 590 Pontifice
871 527 1061 589 renovatum
1077 528 1110 588 et
1134 522 1335 605 redintegra·

204 637 274 696 turn
290 634 429 700 maximo
446 635 587 700 omnium
604 631 887 699 confederatornm
903 654 1060 697 consensu
1077 653 1154 713 esse,
1177 652 1242 716 quo
1268 652 1333 698 non

203 739 310 804 solum
326 741 424 806 Italic
441 742 592 806 diuturne
610 741 713 825 quieti
729 740 913 805 consultum
930 744 1039 822 potest
1062 739 1249 816 existimari,
1277 737 1337 803 sed

205 846 250 912 ad
278 850 571 932 propugnationem
599 871 708 914 rerum
743 848 998 914 christianarum
1033 853 1066 912 ct
1091 846 1336 930 oppressionem

206 957 386 1020 communis
397 957 539 1022 omniurn
550 957 802 1022 christianornm
812 956 1077 1038 hostis,amplum
1088 955 1186 1019 etiarn
1197 951 1335 1037 gradum

199 1059 322 1126 factum
339 1086 417 1130 esse.
435 1063 555 1131 Cetera
571 1066 603 1130 in
621 1065 706 1131 diem
722 1065 883 1149 Majestas
899 1061 1022 1131 Vestra
1046 1061 1219 1144 intelliget,
1236 1083 1334 1145 quam

203 1191 263 1253 pro
280 1193 338 1236 sua
354 1173 480 1255 pietate
497 1179 530 1238 et
546 1174 704 1257 religione
720 1195 781 1257 pro
808 1171 914 1238 officio
940 1170 1109 1237 christiani
1137 1169 1248 1254 Regis,
1274 1193 1334 1255 pro

202 1278 319 1360 propia
336 1280 450 1364 salute,
467 1287 501 1346 et
515 1282 741 1348 incolumitate
758 1283 928 1345 hortamur
945 1279 987 1343 ad
1013 1298 1047 1342 se
1067 1278 1277 1342 excitandum
1302 1285 1336 1344 et

200 1385 244 1449 ad
270 1387 514 1470 comparandas
540 1389 820 1471 intendendasque
855 1389 939 1453 vires
964 1385 1073 1468 Regni
1090 1385 1148 1468 sui,
1171 1384 1335 1468 depulsio·

201 1516 275 1559 nem
291 1496 489 1562 imminentis
516 1499 606 1583 exiiij
625 1504 656 1562 et
673 1498 848 1579 servitutis,
864 1516 931 1578 qua
947 1515 1057 1560 omnes
1073 1515 1219 1578 premere
1229 1494 1334 1560 chris-

203 1603 310 1668 tianos
326 1604 545 1671 ferocissimus
561 1614 594 1672 et
609 1607 870 1690 inquietissimus
887 1603 991 1668 hostis
1008 1602 1118 1667 studet
1130 1607 1163 1668 et
1187 1600 1332 1668 anhelat.

312 1713 355 1798 ΔΓ
401 1753 444 1765 -
494 1719 557 1782 iss
606 1720 623 1779 1
670 1753 714 1765 -
760 1716 779 1778 a

308 1825 345 1886 (V
345 1825 465 1876 elenensi
478 1825 658 1890 illamkdnyv
673 1828 732 1875 171.
745 1824 775 1888 1,)

684 2021 844 2034 *-

735 2152 808 2213 138.

202 2331 299 2394 1470.
315 2329 345 2395 A
362 2331 513 2394 celenezei
529 2329 748 2394 dllomtano'rs
764 2329 876 2394 rdmci
890 2329 1021 2395 tovena
1037 2332 1188 2415 ctosilja,
1213 2332 1292 2415 irony
1308 2353 1329 2391 a

200 2439 352 2524 pripc'ndl
377 2438 583 2522 cazllizo'ljc'lc,
609 2437 774 2502 miczerint
799 2461 830 2501 ez
857 2462 878 2501 a
903 2437 1329 2524 kercsztyc'nfejedelmckct,

200 2547 374 2611 lcilldadscn
398 2546 493 2630 peclip
519 2567 539 2608 a
564 2568 703 2632 mappar-
727 2545 853 2631 lcirdlyt
878 2567 935 2632 epy
952 2570 967 2609 e
983 2546 1074 2629 adpre
1088 2544 1214 2610 caldore
1230 2544 1331 2610 hibor-

199 2654 351 2718 nokkovet
367 2653 449 2716 o'llol
467 2677 488 2716 o
504 2655 596 2717 rorat
613 2654 693 2717 ellan
710 2653 869 2718 oiselcndd
886 2653 1019 2718 ldmadd
1042 2653 1150 2717 dodra
1168 2653 1330 2738 fclbuzdi-

640 2763 712 2827 tani
726 2762 918 2848 iyyekezzdlr.

199 2937 265 3003 Die
280 2936 402 3004 XXX.
418 2938 611 3005 Decembris
629 2943 724 3006 1470.

307 3043 502 3112 Oratoribus
517 3048 637 3113 nostris
652 3049 687 3114 in
702 3047 854 3114 Romana
870 3045 982 3114 Curia.

197 3151 411 3236 4Sapientes
427 3153 564 3240 Oonsilij
739 3156 742 3242 l
862 3206 869 3221 .
898 3205 905 3220 .
937 3208 943 3222 .
973 3205 981 3222 .
1014 3153 1110 3222 Circa
1126 3157 1325 3241 provisiones

197 3261 259 3326 Ser
283 3260 429 3327 Jacobus
455 3263 676 3330 Macrocenus
738 3252 741 3267 ’
790 3263 954 3331 iaciendas
981 3270 1094 3330 contra
1112 3264 1278 3331 Turchum
1295 3271 1328 3331 et

199 3368 371 3452 Sapientes
388 3377 410 3434 t
426 3370 448 3435 f.
737 3387 741 3474 Ι
790 3373 932 3436 omnium
975 3374 1199 3455 potentiarum
1230 3371 1327 3439 colla·

195 3479 318 3544 tionem
336 3486 370 3544 et
386 3486 446 3543 ect.
464 3477 686 3564 Cogitavimus
704 3480 916 3566 jampridem
942 3502 1036 3564 super
1061 3481 1247 3565 hujusmodi
1272 3503 1326 3547 ne-

195 3587 296 3671 gotia,
321 3594 355 3652 et
380 3587 463 3652 sicut
487 3587 568 3653 duas
592 3588 693 3655 habet
718 3588 916 3673 principales
932 3594 1054 3672 partes,
1079 3589 1127 3654 ita
1150 3587 1327 3656 biffariam-

195 3693 280 3758 alias
305 3693 396 3759 vobis
422 3693 610 3761 distinxisse
635 3697 847 3780 meminimus,
873 3698 965 3762 etin
990 3701 1131 3781 utraque
1163 3697 1327 3766 vobiscum

195 3802 414 3868 comunicasse
430 3803 614 3886 opinionem
632 3809 776 3870 nostram
793 3803 1024 3870 declarandam
1051 3827 1072 3869 a
1090 3805 1181 3870 robis
1192 3804 1326 3873 Summo

194 3909 360 3992 Pontifici,
377 3916 410 3976 et
427 3909 481 3975 ubi
499 3914 714 3978 necessariam
731 3919 825 3976 esset.
861 3911 982 3977 Altera
998 3934 1075 3995 pars
1092 3921 1140 3978 est
1165 3916 1327 3996 generalis

195 4017 412 4102 expeditionis
428 4027 461 4083 et
477 4041 651 4086 concursus
668 4022 831 4088 unanimis
842 4027 912 4085 tum
922 4019 1030 4102 Italic,
1043 4027 1113 4088 tum
1123 4021 1326 4106 reliquorum

195 4128 448 4194 christianornm
464 4129 656 4216 principum,
673 4136 831 4198 eteorum
849 4131 1034 4214 presertim,
1059 4131 1115 4214 qui
1139 4132 1268 4214 possint
1292 4139 1325 4198 et

195 4236 297 4301 velint
327 4236 369 4300 ad
387 4237 625 4320 expeditionem
642 4261 850 4319 concurrere3
866 4239 973 4304 altera
988 4258 1063 4303 vero
1090 4245 1147 4318 est,
1163 4241 1325 4323 presentis

194 4344 466 4427 propugnationis
493 4345 647 4412 adversus
673 4348 876 4412 imminentia
900 4345 1046 4430 pericula
1071 4345 1132 4411 hoc
1157 4367 1252 4413 anno.
1278 4347 1324 4413 Et

195 4450 307 4534 ‹luoad
332 4450 471 4534 primam
497 4460 624 4534 partem
651 4454 825 4518 mittendos
851 4452 893 4518 ad
929 4455 1092 4537 principes
1118 4453 1324 4522 Christianos

192 4559 338 4642 Legatos
355 4560 549 4642 apostolicos
567 4564 817 4629 memoravimus
835 4569 868 4626 et
887 4562 1064 4642 suasimns;
1084 4569 1117 4627 et
1134 4570 1172 4628 ut
1187 4565 1229 4628 ad
1250 4585 1324 4647 par·

1168 4677 1216 4722 rs*
