3334 5276
423 346 463 405 16
778 361 1011 408 orrnosrscurrr
1027 351 1201 410 suenrus.

422 519 510 603 torsi,
526 523 585 587 che
600 529 714 606 queste
731 521 939 588 ventilitione
955 523 996 587 de
1012 529 1129 604 questa
1144 543 1223 606 pace
1241 523 1293 588 del
1305 523 1422 588 turciro
1438 521 1484 606 gli
1502 521 1556 590 he-

426 627 470 712 bij
490 631 595 694 tenuti
612 631 769 714 occupati,
785 631 829 696 ho
844 651 931 710 vero,
944 629 1004 695 ohe
1015 636 1203 714 aspectam,
1214 629 1428 697 cbebabiano
1445 631 1556 698 adviso
1650 651 1652 668 Ξ

425 739 483 802 che
500 738 522 802 li
540 738 644 804 nostri
660 736 899 806 Ambassadori
917 737 958 804 D.
975 737 1178 804 Franciscbo
1196 747 1228 804 et
1244 741 1286 806 D.
1297 739 1448 825 Scipione
1466 742 1555 806 siano

421 847 511 912 nunti
536 869 558 912 a
582 846 719 913 Milauo.
746 847 802 912 Ho
829 853 1005 931 aspectano
1026 847 1123 912 etiam
1149 847 1258 932 quello
1273 847 1328 916 del
1346 846 1485 933 Signore
1502 849 1554 914 Re

423 953 587 1020 Ferando.
604 955 665 1022 Ma
682 975 772 1022 como
788 978 839 1022 me
856 963 949 1020 troro
965 956 989 1020 il
1005 956 1115 1021 destro
1131 958 1171 1022 de
1186 958 1319 1040 pariare
1334 977 1396 1022 con
1412 957 1445 1022 io
1462 955 1556 1022 Priu-

425 1063 496 1146 cipe
521 1084 587 1128 una
611 1062 697 1128 festa
720 1063 793 1128 faro
818 1061 858 1128 de
884 1064 1034 1130 inteudre
1059 1064 1180 1131 iltuto.
1197 1063 1324 1149 Poyne
1341 1065 1422 1131 daro
1440 1065 1553 1131 adrico
1629 1087 1634 1092 ·

428 1170 535 1236 subito
550 1192 572 1236 a
587 1170 706 1240 Vestra
722 1170 933 1236 Excellentie.
949 1169 1015 1236 Ale
1031 1172 1128 1256 quale
1145 1193 1271 1256 sempre
1287 1193 1338 1238 ms
1354 1173 1554 1239 ricomando.

340 1277 341 1285 '
421 1276 563 1348 Venetia
579 1277 630 1344 die
647 1277 807 1344 XVIIII.
825 1276 954 1361 Aprilis
973 1282 1069 1345 1466.

466 1405 506 1470 Id.
522 1402 565 1472 V.
581 1403 634 1471 Ill.
651 1403 728 1469 Exe.
1117 1403 1323 1472 fidelissimus
1352 1406 1508 1472 Servitor.

1141 1511 1308 1580 Gerardus
1325 1515 1366 1580 de
1383 1513 1488 1582 Collis

529 1676 658 1738 (uiuenti
671 1678 831 1738 allamltar).

907 1875 1066 1884 m-

975 2117 1004 2176 8.

423 2293 519 2357 1466.
535 2319 556 2358 α
573 2293 725 2358 velerrczei
741 2294 960 2358 <illaudanda
975 2296 1137 2358 otasttdeu
1163 2295 1433 2384 mayyororszdpi
1450 2295 1554 2360 brivate
1648 2267 1652 2396 i

783 2405 905 2466 re'eztre
923 2427 942 2464 u
960 2403 1050 2468 tor-ok
1061 2403 1192 2490 dpyben.
1650 2403 1652 2414 '

422 2596 712 2668 MOOOOLXVI.
729 2599 781 2665 die
797 2597 976 2668 XXVIII.
993 2594 1130 2682 Aprilis.

529 2703 663 2774 Oratori
681 2713 793 2772 nostro
810 2709 843 2771 in
860 2707 1045 2792 Hungaria.

424 2812 596 2896 Sapissfliefl
614 2813 803 2897 001¹Siliji
913 2813 1099 2880 Habuimus
1126 2814 1255 2879 litteras
1272 2821 1398 2880 vestras
1425 2815 1550 2881 dierum
1646 2811 1652 2876 i

513 2947 528 2981 »
614 2922 673 2988 ss.
801 2896 1430 3008 ⁵XVI.XV1111.etxxlr.Marerj
1448 2945 1552 3008 prope
1648 2939 1652 3012 Ις

513 3052 528 3088 ›
616 3012 803 3117 Ordinemi
853 3029 991 3113 decursi,
1008 3037 1040 3096 et
1065 3029 1215 3096 ultimate
1241 3031 1306 3095 dici
1323 3033 1414 3115 teroij
1432 3035 1552 3098 mensis
1650 3067 1652 3100 r

421 3121 946 3222 pVe-s‘eirtissqiiibds-sigriifioostis
964 3139 1067 3220 nobis,
1084 3145 1242 3222 quantum
1269 3146 1450 3222 truncusque
1476 3143 1552 3204 scri·
1620 3193 1621 3197 ,
1650 3123 1652 3138 ⁴

421 3245 560 3310 bendum
580 3247 682 3314 Vobis
708 3248 839 3312 occurit.
856 3242 980 3314 Verum
999 3245 1162 3331 quomodo
1179 3247 1300 3312 nullam
1318 3247 1440 3314 fecistis
1467 3271 1551 3314 men·
1651 3323 1652 3326 Ἴ

420 3351 539 3416 tionem
565 3351 605 3418 de
631 3354 691 3435 his,
717 3376 779 3437 que
805 3354 846 3418 ad
872 3356 1050 3437 practicam
1072 3376 1128 3418 seu
1144 3355 1350 3420 concordiam
1367 3355 1553 3422 habendam
1649 3407 1652 3434 2

420 3481 492 3524 cum
510 3460 639 3526 Turoho
656 3464 821 3546 pertinere
848 3470 993 3547 possunt,
1011 3465 1096 3530 sicut
1112 3463 1206 3529 nobis
1231 3484 1290 3547 per
1315 3471 1414 3529 autea
1451 3467 1552 3549 scrip·-
1649 3461 1652 3474 ’

420 3571 548 3650 seratis,
576 3571 653 3638 licet
678 3572 903 3656 superioribus
929 3573 1049 3637 litteris
1075 3573 1195 3636 nostris
1222 3572 1264 3636 ad
1290 3593 1347 3636 vos
1373 3572 1413 3637 de
1430 3595 1465 3637 re
1483 3575 1548 3640 ista
1650 3613 1652 3616 ·

421 3678 652 3762 scripserimus,
664 3685 698 3744 et
707 3680 855 3746 ultimate
866 3679 1062 3764 perlitteras
1073 3687 1202 3746 nostias
1214 3679 1278 3745 diei
1288 3679 1450 3745 XXIIII.
1466 3703 1552 3747 mar·

421 3785 461 3867 cij
479 3788 637 3870 preteriti,
654 3788 828 3872 replicatas
844 3789 896 3854 die
924 3785 1100 3856 XXVIII.
1127 3791 1245 3854 mensis
1272 3789 1424 3873 ejusdem,
1441 3790 1551 3873 cupidi

419 3899 529 3960 temen
552 3916 611 3980 pro
636 3897 683 3961 rei
709 3897 921 3990 importantia
946 3895 1130 3980 intelligere
1156 3897 1296 3962 votivum
1323 3897 1393 3980 ejus
1416 3899 1551 3971 exitum,
1650 3911 1652 3916 ’

419 4025 546 4070 rursum
564 4004 752 4072 scribendas
768 4004 827 4071 has
843 4013 975 4071 nostras
986 4005 1143 4089 duximus,
1154 4005 1349 4072 mandantes
1360 4005 1550 4074 Vobiscum

420 4119 530 4176 nostro
548 4111 694 4179 Consilio
709 4114 924 4197 Rogatorum,
941 4115 1028 4198 quod
1045 4115 1072 4178 si
1089 4115 1175 4179 forte
1191 4113 1234 4179 ad
1244 4115 1461 4198 receptionem
1478 4137 1552 4198 pre·
1647 4103 1650 4110 ⁴

421 4221 559 4285 sentium
575 4241 639 4286 non
657 4222 828 4287 dedissetis
844 4225 1064 4288 executionem
1081 4223 1202 4288 litteris
1225 4223 1304 4306 ipsis
1321 4225 1452 4305 nostris,
1478 4245 1552 4288 eam

420 4348 477 4409 pro
494 4335 604 4393 vestra
628 4329 802 4412 prudentia
819 4331 898 4395 dare
915 4333 1046 4411 curetis,
1071 4337 1104 4394 et
1121 4331 1164 4395 ad
1189 4330 1459 4396 abundantiorem
1476 4351 1552 4397 cau·
1651 4323 1652 4326 ¹

418 4434 518 4499 telam
543 4434 691 4518 prefatas
717 4439 830 4504 literas
856 4439 921 4504 dici
947 4437 1113 4505 XXIIII.
1131 4437 1231 4504 Maoii
1248 4438 1425 4522 replicatas
1450 4442 1552 4506 mitti-

419 4564 490 4608 mus
506 4543 757 4627 his'adjunctas.
797 4561 798 4564 ’
