3336 5252
640 357 734 420 14⁷5.
896 407 899 414 .
1030 335 1033 344 ‘
1189 359 1253 421 aas

116 535 268 620 partibus
284 535 441 618 orientia,
457 557 521 618 que
538 535 664 602 Illustri
681 535 836 601 Dominio
852 535 977 601 Nostro
1004 535 1100 601 misse
1118 543 1205 618 sunt,
1221 542 1256 601 et

118 665 180 728 pro
196 641 316 711 devoto
332 651 400 710 tam
417 644 613 725 orationum,
629 665 727 726 quam
746 643 987 726 processionum
1014 642 1054 708 de
1072 665 1109 709 eo
1125 643 1250 710 exibiro

118 752 277 836 obsequio
293 773 354 838 pro
371 750 459 820 felici
476 748 657 817 Christiani
673 753 812 816 nominis
827 753 973 833 victoria,
997 773 1063 834 eas,
1083 772 1167 834 quas
1183 772 1255 836 pos-

118 881 241 944 sumus,
256 861 443 944 gratiarum
467 859 612 927 actiones
637 859 775 942 agimus.
801 862 889 928 Nam
914 867 946 925 et
970 859 1026 925 ille
1047 861 1111 925 iste
1127 861 1255 928 comuni

117 973 195 1034 roto
226 969 406 1053 plurimum
438 967 641 1035 conducunt:
673 988 783 1034 verum
824 967 1100 1052 quemadmodum
1130 967 1255 1052 pluries

118 1097 231 1144 coram
248 1082 281 1142 et
297 1084 372 1162 post
386 1097 549 1144 recessum
566 1083 714 1142 nostrum
731 1097 770 1141 ex
786 1075 884 1143 Buda
899 1096 956 1160 per
972 1077 1087 1142 literas
1112 1075 1256 1160 accepis·

116 1183 171 1266 tis,
188 1185 322 1269 ipsaque
338 1185 541 1270 experientia
557 1189 728 1267 monstrat,
745 1185 780 1249 in
795 1183 888 1251 nobis
913 1184 995 1250 nihil
1010 1183 1138 1266 defecit,
1161 1183 1257 1250 nihil·

118 1313 182 1376 que
199 1291 387 1360 defuturum
402 1299 460 1360 est
476 1291 559 1359 Dies
584 1301 762 1376 noctesque
786 1292 884 1359 rebus
897 1292 1033 1377 publicis
1048 1292 1256 1377 invigilamus

119 1409 154 1468 et
169 1423 211 1468 ea
226 1402 295 1469 sine
326 1403 566 1469 intermissione
583 1403 722 1487 agimus,
747 1422 812 1485 que
837 1401 880 1468 ad
904 1423 973 1466 rem
992 1399 1100 1468 facere
1116 1400 1256 1466 maxime

118 1510 336 1595 intelligimus
349 1536 357 1594 3
373 1511 407 1577 id
422 1533 523 1578 unum
539 1513 626 1597 quod
643 1533 769 1596 semper
785 1511 993 1596 prediximus,
1016 1516 1051 1576 at
1067 1511 1119 1590 sit,
1135 1517 1172 1575 ut
1191 1532 1257 1576 non

119 1617 351 1704 relinquamur,
367 1641 535 1706 speramus
550 1622 584 1686 in
600 1622 711 1688 divino
727 1619 872 1705 presidio
889 1620 998 1685 omnia
1013 1641 1072 1703 pro
1089 1618 1256 1686 voluntate

118 1747 271 1808 cessura3
287 1729 375 1794 circa
390 1729 449 1794 heo
463 1728 785 1796 latius-scribendum
801 1729 1023 1794 commisimus
1040 1724 1256 1792 Reverendis-

119 1835 203 1900 simo
218 1834 363 1902 Domino
381 1833 528 1904 Gabrieli
543 1839 709 1923 Episcopo
725 1836 884 1921 Agriensi
909 1842 943 1901 et
967 1836 1145 1920 apostolice
1160 1831 1256 1900 Sedis

119 1941 262 2026 Legato.
272 1944 363 2010 Bene
373 1945 488 2012 valete.
507 1947 560 2012 Ex
570 1945 744 2042 yaradino
763 1945 856 2012 Petri
872 1944 1005 2010 infesto
1021 1943 1110 2009 beati
1128 1942 1257 2008 Andrei

120 2051 286 2136 Apostoli,
300 2052 401 2122 Anno
415 2054 549 2121 Domini
566 2054 745 2122 Millesimo
763 2052 1095 2139 Quadringentesimo
1120 2048 1256 2134 Septua-

118 2163 246 2246 gesimo
278 2163 410 2246 quinto,
435 2162 625 2247 Regnorum
657 2163 855 2231 Nostrorum
886 2184 972 2228 anno
998 2159 1170 2245 Huugarie
1195 2163 1257 2224 etc.

119 2267 226 2339 XIV.
240 2269 399 2336 Bohemio
415 2292 491 2338 vero
507 2269 589 2338 VH.

229 2395 407 2480 Magnifice
434 2395 628 2464 Sebastiano
645 2395 824 2482 Baduario,
846 2395 983 2462 Oratori
999 2393 1104 2460 Ill-mi
1119 2393 1256 2460 Domini

118 2504 332 2587 Venetorum,
347 2505 455 2574 Nobis
471 2503 605 2572 Sincere
621 2505 749 2571 dilecto.

230 2669 385 2730 (Velenozei
398 2670 600 2736 allamlrdnyr.)

609 2851 768 2860 ...αὑ-.-

658 3105 730 3166 197.

121 3286 221 3350 1475.
251 3285 384 3372 Motyon
415 3282 598 3372 kiro'lyack
624 3307 663 3348 az
688 3283 788 3348 alchos·
803 3282 937 3347 leoa'llrez
967 3279 1124 3346 mutetur
1149 3299 1255 3364 pauc·

595 3415 663 3458 azor
679 3392 781 3456 levale.

228 3552 425 3638 Exemplum
440 3553 537 3618 unius
553 3549 668 3618 cedule
693 3550 816 3616 incluse
843 3551 877 3615 in
903 3548 1134 3634 suprascriptis
1150 3545 1256 3612 literis

115 3662 248 3747 Regiis.
811 3749 813 3756 y

232 3787 408 3872 Magnifice
434 3787 567 3856 Orator.
593 3784 749 3872 Cogimur
773 3785 885 3853 dolere
909 3785 1117 3852 vehementer
1134 3789 1168 3850 et
1184 3803 1257 3848 con·

117 3897 216 3984 queri
232 3895 305 3963 Deo
331 3901 364 3961 et
388 3894 582 3978 hominibus,
609 3895 697 3978 quod
723 3901 848 3979 quanto
869 3893 1045 3960 studiosius
1070 3913 1130 3958 nos
1145 3910 1257 3974 regna,

115 4008 210 4074 bona
226 4006 345 4087 omnia,
354 4006 501 4073 homines
517 4009 647 4071 nostros
657 4009 690 4068 et
700 4024 872 4088 personam
887 4001 1055 4087 propriam
1071 4000 1140 4064 sine
1156 4001 1257 4064 inter·

116 4116 278 4184 missione
293 4137 354 4200 pro
369 4111 516 4180 Oatolice
531 4111 608 4177 fidei
624 4110 811 4178 defensione
827 4110 1026 4194 exponimus,
1038 4111 1134 4173 tanto
1150 4107 1256 4172 minus

116 4247 285 4306 curamur,
298 4226 364 4290 imo
380 4227 474 4289 tanto
499 4221 603 4305 magis
627 4222 878 4301 contemnimnr;
905 4222 1143 4302 optaveramus,
1158 4220 1256 4300 prout

119 4354 236 4400 eoram
252 4339 285 4398 et
301 4353 361 4415 per
377 4331 490 4396 literas
505 4328 723 4410 intellexistis,
739 4328 897 4413 quasdam
914 4327 1040 4409 Budas,
1056 4345 1137 4409 quas
1154 4323 1256 4390 Reve-

118 4439 215 4508 rend.
241 4439 344 4506 Pater
367 4439 530 4505 Dominus
557 4436 745 4504 cardinalis
777 4434 890 4502 Sancti
921 4434 1030 4501 Marci
1055 4433 1098 4500 ad
1122 4431 1254 4500 Curiam

118 4550 311 4618 Romanam
329 4553 566 4632 reportaverat,
582 4545 715 4614 lecimus
731 4545 889 4610 maximas
905 4543 1078 4610 instantias
1104 4565 1163 4627 pro
1180 4542 1255 4623 illis,
