3336 5252
569 449 576 458 ,
657 367 752 445 1411.
1205 366 1268 445 stt

138 550 195 642 tin,
212 565 328 644 questa
345 558 479 642 brigata
503 558 547 624 ha
571 563 753 624 monstrato
777 559 897 626 havere
923 560 1012 625 dieta
1037 559 1270 626 voeileraaione

138 690 195 753 per
210 690 278 734 una
294 667 384 734 mala
399 666 539 734 novella
558 663 633 750 Qua
648 689 712 734 non
728 674 821 734 sento
841 669 927 734 altro
944 668 976 734 di
992 689 1087 750 novo,
1104 668 1194 735 salvo
1210 669 1269 734 che

8 811 10 818 ·
136 777 169 842 la
182 776 317 860 brigata
334 783 387 842 sta
402 797 464 842 eon
479 775 511 841 le
527 777 657 842 orechie
683 783 810 842 attente
835 776 878 843 ad
903 777 1081 857 intendere,
1097 776 1156 842 ohe
1182 778 1269 844 exito

136 891 170 950 et
184 883 249 950 line
264 883 427 950 haverano
443 884 474 948 le
489 904 563 949 eose
579 883 620 948 de
630 882 773 966 Zennva,
784 890 818 949 et
834 885 910 968 ogni
927 883 960 949 di
977 890 1093 968 questo
1109 886 1268 968 populazo

8 1053 9 1056 ,
137 993 170 1060 sa
185 996 262 1060 novi
286 994 418 1074 trovati,
444 999 478 1058 et
502 1014 565 1078 pur
590 999 706 1077 questa
730 994 870 1059 mottina
886 992 930 1057 ha
955 998 1067 1076 sparto
1093 993 1191 1075 fama,
1209 993 1268 1060 elne

136 1103 269 1169 Serena
285 1103 312 1168 si
328 1123 346 1168 e
362 1101 531 1167 rebellato.

244 1265 371 1330 (uirenti
384 1265 548 1328 allamlttr.)

621 1402 782 1418 d-——n

670 1649 744 1714 243.

138 1809 235 1876 1477.
253 1807 423 1876 Gerardas
438 1810 476 1875 de
493 1809 594 1877 Collis
610 1809 712 1876 ledaeli
720 1807 872 1896 jelenldse
889 1835 910 1874 o
925 1805 1065 1876 milanos·
1090 1807 1270 1897 derczeplvez

336 1943 358 1984 a
375 1921 490 1984 nemer·
507 1921 539 1982 ds
555 1919 821 2008 mapparorszcipi
837 1919 1069 2007 viezonyolcrdl.

244 2077 467 2148 Illustrissimi
492 2087 525 2146 et
551 2079 824 2148 Excellentissimi
850 2079 989 2164 Signori.
1013 2079 1270 2147 Desideravamo

133 2189 316 2274 agiungere
341 2189 408 2255 alla
432 2191 602 2273 presentia
633 2189 721 2255 della
746 2189 879 2256 Maesta
910 2190 976 2255 dell
1001 2189 1205 2272 Imperatore
1237 2195 1270 2254 et

133 2302 266 2362 toceare
282 2297 400 2363 alcuna
415 2317 492 2362 cosa
509 2296 549 2362 de
566 2305 677 2364 nostra
692 2297 917 2364 commissione
932 2298 1047 2381 prima,
1064 2297 1122 2363 che
1140 2297 1270 2363 scrives-

8 2469 9 2480 ,
135 2407 221 2470 simo
238 2427 259 2470 a
275 2405 401 2476 Vostra
415 2404 640 2487 Excellentia3
657 2427 710 2472 ma
725 2405 813 2473 faeta
830 2407 940 2489 quella
958 2405 1128 2488 diligenza,
1142 2405 1201 2471 ohe
1213 2427 1270 2489 per

133 2512 170 2579 ln
187 2515 341 2598 angustia
357 2513 396 2579 de
413 2534 486 2580 sose
503 2521 676 2581 oceurente
703 2537 768 2599 qua
793 2535 829 2580 oe
855 2516 905 2582 sia
920 2515 1062 2597 rinscita,
1081 2513 1235 2598 possibile
1252 2535 1269 2579 e

133 2621 391 2706 conjecturando
407 2643 465 2706 per
481 2624 580 2690 molte
608 2643 724 2689 nasone
749 2623 780 2688 le
805 2643 878 2689 cose
904 2623 948 2689 da
973 2643 1078 2688 essere
1103 2621 1191 2688 forse
1214 2623 1270 2707 piu

132 2729 269 2812 lunghe,
286 2729 344 2796 ohe
360 2752 426 2797 non
451 2731 478 2796 si
502 2732 705 2811 stimavam0‚
730 2730 866 2798 havemo
891 2731 1072 2797 deliberato
1097 2730 1194 2815 aenio,
1210 2730 1269 2795 ehe

132 2840 260 2910 Vostre
276 2837 503 2904 Illustrissime
530 2837 679 2922 Signorie
705 2863 769 2906 non
796 2842 902 2906 stieno
927 2842 960 2905 in
985 2839 1204 2906 admiratione
1229 2839 1270 2903 de

131 2955 252 3014 nostra
266 2944 402 3030 tardits,
419 2949 545 3014 avisano
572 2949 680 3032 quelle
706 2949 746 3014 de
771 2949 805 3016 la
830 2949 965 3033 sagione
990 2947 1064 3014 ede
1084 2953 1208 3032 quanto
1232 2968 1271 3011 ne

8 3057 9 3062 ’
132 3077 281 3121 ooourra.
297 3051 469 3122 Ginnsimo
491 3057 547 3141 qui
563 3077 676 3140 presso
694 3061 736 3122 60
753 3057 865 3141 miglis
881 3057 1024 3122 Italiane
1041 3077 1062 3122 a
1078 3055 1220 3136 Vienna,
1236 3055 1270 3119 in

132 3163 169 3229 la
187 3163 267 3247 qual
291 3165 357 3230 eita
374 3164 408 3231 la
423 3163 557 3231 Maesta
581 3165 634 3230 del
650 3165 854 3248 Imperatore
870 3185 904 3230 se
922 3171 1053 3231 retrova
1069 3185 1089 3229 a
1106 3163 1140 3228 di
1158 3168 1209 3229 21.
1229 3163 1269 3228 de

131 3270 294 3356 Giugnio,
311 3279 344 3339 et
359 3274 486 3340 venimo
511 3296 571 3358 per
596 3273 735 3357 qualche
752 3277 794 3338 20
811 3273 915 3339 millia
940 3294 1005 3339 non
1029 3293 1124 3339 senza
1141 3271 1270 3338 dubita·

132 3381 230 3447 zione
246 3404 264 3448 e
279 3382 421 3466 perieolo
447 3404 505 3467 per
530 3383 561 3448 le
588 3384 701 3448 novita
727 3382 766 3447 de
792 3388 910 3466 questo
926 3403 1033 3466 paese,
1049 3403 1154 3467 neque
1169 3383 1267 3448 etiam

130 3492 205 3556 sine
221 3491 334 3572 aliquo
351 3490 536 3557 discrimine
552 3513 569 3556 e
591 3491 725 3558 sinistro
741 3490 782 3556 de
796 3490 930 3575 famegli
946 3511 963 3555 e
980 3490 1094 3556 cavalli
1111 3489 1267 3556 infirmati

128 3621 195 3682 per
219 3599 345 3664 camino
370 3605 481 3665 tamen
506 3621 564 3683 per
580 3602 689 3683 gratia
705 3599 745 3666 de
761 3599 825 3666 Dio
842 3600 931 3666 salvi.
948 3600 1014 3666 Noi
1041 3621 1101 3664 con
1125 3602 1212 3664 tutta
1237 3599 1271 3662 la

131 3709 285 3792 lamiglia
300 3709 405 3774 siamo
422 3709 477 3792 qui
493 3715 652 3793 perrennt
669 3709 702 3774 in
719 3709 819 3774 bocca
836 3708 875 3772 de
892 3709 1029 3790 magiori
1047 3708 1193 3792 pericoli,
1210 3709 1270 3772 ohe

129 3837 218 3901 gran
234 3823 344 3900 tempo
360 3817 392 3883 vi
409 3817 501 3882 siano
517 3821 604 3882 stato
622 3838 640 3882 e
655 3837 714 3900 per
731 3815 783 3900 doj
802 3816 836 3880 di
860 3815 963 3880 inanti
989 3813 1191 3880 intendendo
1216 3814 1268 3898 noj

129 3923 347 3990 tr·ansserirse
364 3922 438 3989 dale
455 3930 546 3989 terre
560 3923 636 3991 dell'
646 3923 780 4008 imperio
801 3922 868 3988 alla
884 3920 1015 4005 prefata
1031 3923 1162 3989 Maesta
1180 3927 1212 3986 et
1229 3921 1269 3986 de

129 4053 216 4118 poen
233 4031 418 4116 precederei
435 4033 465 4098 el
480 4030 672 4098 Reverendo
695 4037 789 4115 patre
806 4030 958 4097 Vesoovo
975 4029 1016 4094 de
1031 4029 1127 4095 Furli
1144 4029 1270 4112 [legato

131 4142 327 4226 apostolico,
343 4143 440 4207 homo
458 4141 497 4207 de
515 4142 638 4225 grande
662 4141 851 4225 esperienza
867 4145 899 4203 et
924 4137 1087 4205 affabilita
1111 4145 1143 4203 et
1159 4160 1270 4203 aman-

130 4251 262 4316 tissimo
279 4249 319 4315 de
335 4247 376 4316 V.
394 4249 607 4330 Excellenlia,
622 4252 654 4316 lo
671 4249 749 4333 qual
773 4247 957 4313 intendemo
974 4246 1094 4311 havere
1112 4247 1167 4329 gia
1183 4251 1270 4310 trao-

131 4365 209 4425 tato
225 4358 344 4424 alcuna
370 4379 447 4423 eosa
472 4356 512 4423 de
539 4359 643 4440 questi
668 4356 827 4441 privilegi,
843 4353 1053 4421 nooellernmo
1079 4354 1269 4438 alquantoi

134 4468 227 4553 passi
251 4488 310 4550 per·
329 4467 520 4549 agiungerlo
537 4488 554 4530 e
571 4488 704 4550 passere
721 4465 853 4528 insieme
870 4483 940 4527 oum
959 4461 992 4526 la
1008 4469 1117 4528 scorta
1132 4483 1201 4541 sna,
1216 4483 1270 4526 ma

134 4575 299 4644 trovando
316 4597 422 4640 essere
437 4575 485 4658 lnj
503 4575 555 4658 gia
573 4575 695 4657 partito
712 4573 873 4638 senissimo
901 4570 967 4637 alla
983 4572 1148 4653 paternita
1175 4591 1234 4638 sua
1251 4592 1270 4652 a
