3340 5260
742 378 839 456 1473.
1289 375 1352 454 iat

205 574 310 651 taret,
327 573 436 634 tamen
462 568 525 634 hoe
550 591 614 634 non
641 570 802 650 obstante,
820 573 970 633 teneatur
996 566 1165 650 predictus
1193 567 1354 635 Dominus

209 676 294 742 Dux
310 679 400 742 intra
416 677 589 743 terminum
607 679 742 745 duorum
758 678 916 745 mensium
938 682 1012 759 post
1028 674 1272 758 requisitionem
1288 677 1354 744 fac·

133 820 136 823 ·
216 791 290 850 tarn
303 785 430 869 jurare,
446 784 598 850 auxiliari
616 808 653 850 ac
670 786 851 850 subsidiare
867 785 971 868 ipsum
983 783 1159 848 Dominum
1174 781 1300 868 Regem
1316 785 1357 852 de

208 893 367 977 gentibus
394 894 470 975 suis,
496 893 648 959 videlicet
663 917 767 976 usque
784 895 825 959 ad
851 915 1022 958 numerum
1039 893 1187 975 equitum
1213 901 1354 978 quatuor

208 1003 361 1086 millium,
377 1009 410 1068 et
426 1002 571 1086 peditum
582 1003 719 1069 duorum
737 1005 874 1069 millium
890 1002 1031 1086 propriis
1049 1001 1233 1085 sumptibus
1252 1009 1284 1068 et
1300 1026 1353 1069 ex-

208 1113 322 1195 pensis
333 1112 433 1195 ipsius
449 1112 581 1177 Domini
602 1112 703 1177 Ducis
724 1112 921 1192 auxiliantis,
932 1111 981 1176 vel
997 1115 1105 1193 potius
1116 1111 1144 1175 si
1160 1111 1210 1176 ita
1226 1111 1354 1196 predic-

207 1227 250 1285 to
272 1221 358 1286 D·no
375 1218 459 1286 Duci
485 1222 589 1305 magis
614 1221 784 1304 placuerit,
809 1226 941 1284 mittere
966 1242 1065 1284 unum
1091 1242 1130 1284 ex
1157 1216 1350 1303 Oapitaueis

210 1329 267 1394 sui
284 1351 353 1394 cum
370 1329 517 1413 impensa
533 1335 566 1394 et
591 1329 751 1412 stipendio
777 1329 969 1394 ducatorum
1005 1332 1135 1392 centum
1152 1328 1265 1410 viginti
1285 1329 1355 1394 mil-

207 1436 292 1500 lium
302 1436 438 1519 singulis
448 1439 541 1502 annis
552 1459 611 1520 pro
623 1437 841 1504 conducendis
851 1437 1011 1519 gentibus,
1022 1442 1174 1518 utsupra
1186 1437 1232 1501 Et
1247 1459 1264 1501 e
1283 1458 1356 1502 con-

212 1564 320 1624 verso,
329 1545 357 1608 si
368 1566 426 1628 per
443 1545 547 1628 ipsum
560 1546 609 1610 lll.
622 1545 744 1610 D-num
761 1545 888 1609 Ducem
906 1549 1090 1609 moveretur
1110 1543 1228 1610 bellum
1240 1549 1354 1609 eontra

211 1651 361 1720 Venetos
385 1655 453 1719 sine
476 1654 727 1738 participatione
753 1654 802 1719 vcl
822 1654 1077 1718 comunicatione
1101 1652 1241 1736 predicti
1258 1652 1349 1721 Ser-i

211 1757 299 1825 D-ni
314 1761 414 1844 Regis
429 1785 507 1828 casu
518 1769 550 1828 et
567 1764 766 1843 necessitato,
782 1767 819 1826 ut
839 1781 947 1844 supra,
965 1763 1130 1826 autetiam
1146 1763 1351 1828 comunicata

211 1875 250 1932 et
266 1871 448 1936 consultata
471 1893 506 1936 re
536 1872 609 1954 ipsa
634 1892 705 1935 cum
722 1869 868 1954 predicto
885 1869 1026 1934 Domino
1044 1868 1147 1952 Rege,
1164 1871 1265 1953 inqua
1281 1871 1349 1954 ipse

212 1974 303 2042 Dus
319 1978 392 2043 Rex
407 1999 599 2044 consensum
615 2001 708 2044 suurn
724 2001 789 2043 non
812 1982 984 2062 prestaret,
1008 1985 1119 2042 tamen
1135 1979 1197 2044 hoc
1211 2000 1276 2044 uon
1293 1979 1349 2044 ob·

217 2091 339 2166 stante,
350 2091 502 2152 teneatur
514 2087 681 2170 predictus
706 2088 792 2152 D-us
820 2087 891 2152 Rex
917 2087 1004 2150 intra
1014 2087 1189 2151 terminum
1205 2088 1346 2153 duorum

211 2196 375 2260 mensium
395 2201 470 2277 post
480 2195 723 2278 requisitionem
734 2197 762 2258 ei
778 2195 900 2260 factam
911 2195 1031 2280 juvare,
1048 2195 1201 2260 auxiliari
1220 2217 1258 2260 ac
1275 2196 1349 2260 sub·

213 2301 337 2368 sidiare
353 2303 457 2386 ipsum
483 2300 628 2368 Ill-mum
654 2303 775 2368 Duum
801 2301 927 2367 Ducem
943 2301 982 2366 de
999 2303 1151 2385 gentibus
1169 2304 1247 2387 suiS,
1264 2304 1350 2369 vide·

212 2411 293 2475 licet
309 2433 410 2495 usque
426 2412 470 2476 ad
486 2433 655 2477 numerum
681 2413 828 2495 equitum
846 2417 986 2495 quatuor
1003 2411 1139 2475 millium
1157 2419 1190 2477 et
1206 2413 1352 2496 peditum

215 2518 357 2584 duorum
368 2519 506 2584 millium
517 2521 657 2604 propriis
677 2521 860 2603 sumptibus
871 2527 901 2584 et
913 2520 1059 2602 expensis
1071 2519 1173 2600 ipsius
1191 2519 1233 2584 D.
1250 2519 1353 2603 Regis

213 2627 414 2710 auxiliantis,
431 2628 482 2692 vel
499 2630 609 2710 potius
619 2629 646 2693 si
657 2631 704 2693 ita
716 2628 864 2712 predicto
873 2629 962 2692 Dno
972 2625 1056 2710 Regi
1067 2628 1229 2710 placuerit
1241 2630 1360 2712 magis,

215 2735 456 2800 mittereunum
469 2757 507 2799 ex
519 2732 710 2817 Oapitaneis
722 2734 788 2798 suis
799 2755 872 2798 cum
889 2734 1025 2816 inpensa
1036 2739 1069 2798 et
1079 2734 1241 2817 stipendio
1259 2735 1355 2799 duca·

215 2850 328 2908 torum
353 2849 483 2907 centum
497 2841 610 2924 viginti
627 2841 765 2906 millium
783 2838 920 2924 singulis
936 2841 1030 2905 anuis
1057 2862 1116 2926 pro
1133 2841 1352 2907 conducendis

216 2951 379 3036 gentibus,
396 2955 434 3014 ut
450 2971 558 3034 supra.
575 2949 649 3014 Hoc
665 2955 775 3014 tamen
792 2968 943 3032 expresse
969 2949 1147 3031 intellecto,
1163 2946 1251 3032 quod
1267 2950 1355 3033 capi·

218 3058 327 3124 tulum
342 3059 404 3124 hoc
429 3081 494 3124 non
515 3057 634 3123 habere
650 3055 768 3123 debeat
793 3057 899 3122 locum
915 3079 1018 3142 usque
1035 3079 1092 3141 per
1109 3064 1214 3123 totum
1235 3079 1357 3123 annum

218 3163 566 3232 MGCOCLXXIIII
585 3166 753 3231 inclusive.
770 3164 825 3231 Ab
836 3164 912 3230 inde
939 3186 1013 3230 vero
1046 3167 1134 3232 ultra
1160 3166 1193 3230 in
1219 3187 1278 3232 suo
1307 3187 1360 3231 ro·

214 3275 299 3340 bore
324 3275 489 3355 firmitate,
515 3273 748 3356 validitatequc
783 3281 983 3357 permaneat.

325 3383 411 3449 Item
435 3389 654 3448 convenerant
679 3389 790 3466 partes
816 3383 969 3466 predicte,
986 3387 1024 3447 ut
1049 3401 1159 3465 supra,
1176 3377 1263 3466 quod
1279 3403 1356 3465 quo·

215 3512 348 3573 cunque
375 3513 453 3558 casu
469 3513 528 3575 per
553 3497 729 3573 utramque
754 3498 880 3574 partem
899 3496 958 3556 aut
983 3490 1122 3556 alteram
1138 3491 1283 3574 partium
1299 3491 1354 3556 ad·

209 3581 330 3666 'versus
346 3597 493 3666 Venetos
510 3604 693 3664 moveretur
710 3597 839 3678 bellum,
855 3600 888 3663 in
911 3585 975 3682 quo
991 3620 1069 3683 pars
1086 3599 1193 3665 altera
1208 3599 1250 3664 ad
1267 3598 1357 3663 auxi·

216 3708 299 3774 lium
323 3708 482 3791 requisita
505 3709 609 3790 ipsum
628 3714 810 3791 opportune
837 3709 928 3772 etin
954 3714 1101 3791 tempore
1127 3707 1265 3790 tulisset,
1291 3729 1356 3772 non

216 3816 323 3902 possit
356 3837 427 3881 cum
452 3814 531 3898 ipsis
548 3815 683 3882 Venetis
695 3815 805 3898 aliquo
822 3815 918 3882 modo
944 3813 1090 3881 deveniri
1107 3813 1148 3881 ad
1166 3836 1288 3900 pacem,
1304 3835 1359 3879 ne-

216 3947 283 4010 que
306 3933 463 4008 treguam,
478 3945 539 3988 nec
554 3925 654 3988 etiam
670 3925 839 3990 terminari
867 3923 987 3989 bellurn
1014 3927 1082 3989 sine
1097 3926 1266 4008 utriusque
1283 3945 1358 4007 par·

217 4033 263 4097 tis
288 4039 400 4098 mutuo
416 4052 572 4097 consensu
588 4038 622 4096 et
637 4031 812 4097 voluntate.

328 4141 411 4205 [tem
427 4147 647 4205 convenerunt
663 4140 936 4224 predictepartes,
951 4147 1105 4224 utsupra,
1122 4136 1209 4224 quod
1227 4141 1254 4205 si
1271 4145 1360 4205 moto

218 4243 373 4314 adversus
400 4245 548 4313 Venetos
575 4249 661 4313 tello
687 4271 746 4332 per
772 4255 946 4332 utramque
961 4255 1087 4331 partem
1104 4250 1286 4315 comuniter
1304 4259 1362 4314 aut

219 4379 280 4442 per
305 4357 443 4422 alteram
460 4357 611 4440 partium,
628 4359 662 4422 in
680 4379 743 4440 quo
754 4365 863 4423 tamen
880 4357 965 4422 bello
977 4373 1054 4440 pars
1070 4356 1177 4423 altera
1195 4357 1237 4423 ad
1262 4356 1351 4422 auxil

220 4467 301 4530 lium
317 4465 478 4547 requisita
488 4465 570 4529 illud
587 4471 770 4549 opportune
783 4467 859 4531 etin
876 4473 1023 4547 tempore
1035 4465 1149 4530 tulerit
1165 4471 1199 4530 et
1214 4485 1362 4549 persero*

220 4574 351 4654 raverit,
363 4577 517 4656 utsupra,
529 4574 759 4654 aquirerentur
771 4575 929 4654 civitates,
948 4573 1058 4654 opida,
1068 4578 1163 4656 terre,
1180 4573 1314 4639 castella
1331 4579 1363 4642 cl
