3356 5266
696 367 813 466 1469..
1239 369 1301 433 ιιι

173 553 230 613 eut
243 545 393 611 inducias
409 564 483 612 eum
500 541 607 610 linco
624 543 785 628 quomodo
802 563 871 608 rem
881 543 1036 610 faceretis
1052 545 1182 628 penitus
1199 543 1302 611 diver·
1401 540 1403 548 ’

139 689 142 696 ·
175 675 243 720 snm
259 661 291 720 et
306 653 506 720 contrariam
521 652 685 718 voluntati
711 659 745 718 et
762 651 936 718 intentioni
952 656 1073 737 nostre,
1090 653 1228 737 ideoque
1243 655 1303 720 hoe

175 785 230 828 vos
244 763 420 828 admonere
434 759 603 826 voluimus.

273 870 370 950 Item,
388 869 467 953 quia
482 865 570 934 faeta
585 887 644 952 per
660 889 716 934 vos
732 867 855 934 mentio
872 866 934 932 fuit
950 867 990 932 de
1021 868 1213 949 pecuniaria
1228 869 1302 934 sub-

173 979 324 1046 ventione
334 977 414 1044 deta
423 997 482 1060 per
496 996 555 1041 nos
561 973 967 1060 RegieMajestetioontra
974 973 1108 1058 Tureos,
1114 978 1235 1060 optime
1243 997 1302 1060 pro

173 1093 284 1154 vestra
307 1086 483 1170 prudentia
498 1104 592 1150 nosse
609 1089 643 1150 et
658 1082 851 1168 intelligere
867 1083 990 1151 debetis
1015 1085 1185 1166 maximas,
1204 1085 1303 1152 immo

170 1193 409 1261 intollerabiles
424 1212 593 1278 expensas,
609 1190 728 1276 quibus
744 1191 892 1275 presenti
908 1196 1105 1276 tempestate
1122 1199 1156 1259 et
1170 1193 1254 1260 mari
1269 1200 1303 1260 et

171 1309 262 1368 terra
277 1323 470 1386 gravamur:
486 1299 624 1386 proinde
641 1298 788 1366 volumus
798 1305 832 1366 et
841 1298 1035 1366 mandamus
1045 1298 1147 1383 vobis,
1162 1307 1199 1368 nt
1215 1303 1303 1370 circe

169 1411 231 1476 hoe
255 1409 463 1495 propositum
486 1413 653 1475 reservate
677 1407 868 1491 loquamini,
900 1407 1062 1490 quomodo
1092 1409 1301 1494 impossibile

169 1519 265 1585 nobis
280 1517 409 1604 penitus
425 1523 511 1583 esset
525 1514 569 1584 ad
584 1515 669 1584 tales
685 1536 842 1601 expensas
859 1513 1018 1584 devenire.

274 1625 317 1693 Id
333 1625 421 1709 quod
446 1623 536 1692 vobis
552 1625 696 1692 diximus
713 1625 754 1690 de
770 1625 901 1709 negotio
917 1625 1008 1709 pasis
1027 1631 1061 1692 et
1088 1623 1303 1712 induciarum,
1335 1655 1343 1670 ⁶

169 1735 276 1820 deque
293 1755 328 1799 re
344 1733 550 1818 pecuniaria:
567 1732 760 1802 mandamus
770 1733 871 1817 vobis,
880 1740 917 1800 ut
926 1733 1180 1802 secretissimum
1194 1741 1304 1802 tenea-

173 1845 234 1925 tis;
250 1849 283 1908 et
301 1842 330 1909 si
345 1841 511 1925 aoeiderit,
527 1849 564 1910 ut
579 1842 669 1909 hisee
685 1843 726 1909 de
742 1841 840 1909 rebus
858 1842 957 1910 nobis
972 1843 1093 1910 mentio
1118 1842 1187 1926 fiat,
1213 1865 1305 1912 ours-

171 1950 252 2018 bitis
267 1949 432 2018 declinare
444 1957 543 2035 atque
552 1949 703 2036 effugere,
712 1959 871 2036 quantum
880 1951 1030 2036 poteritis
1039 1952 1227 2038 hujusmodi
1241 1953 1305 2020 eol·

174 2057 298 2142 loquia,
309 2078 376 2126 non
386 2058 587 2128 ostendendo
597 2065 709 2128 tamen
718 2059 878 2127 emoahoe
887 2080 1006 2128 novum
1016 2082 1036 2126 s
1047 2060 1140 2128 nobis
1151 2061 1304 2129 habuisse

172 2157 384 2234 mandatum(

282 2273 508 2341 Intelleximus
533 2296 672 2360 quoque,
696 2283 855 2360 quantum
880 2275 1032 2357 scribitis,
1061 2274 1155 2344 vobis
1180 2275 1303 2344 dixisse

171 2379 315 2466 Regiam
330 2381 542 2466 Majestatem
558 2382 599 2450 de
615 2381 768 2466 gentibus
784 2382 934 2449 tenendis
950 2383 994 2448 ad
1019 2383 1093 2451 illos
1120 2383 1203 2450 duos
1229 2405 1303 2470 pas·

173 2510 241 2571 sus,
256 2512 319 2576 que
335 2489 556 2575 prohiberent,
573 2491 661 2574 quod
679 2490 779 2558 Turni
794 2492 905 2558 venire
929 2514 994 2558 non
1010 2499 1142 2577 possent
1167 2494 1201 2558 in
1226 2491 1306 2558 Dal·

174 2599 323 2683 matiam,
339 2595 509 2666 Oroatiam
524 2597 710 2666 inferiorem
726 2597 791 2666 Sue
806 2598 1005 2685 Majestetis,
1020 2605 1053 2666 et
1069 2597 1239 2668 Oroatiam
1255 2622 1306 2666 su·

175 2706 340 2790 perierem
356 2707 563 2775 Serenissimi
577 2705 809 2791 Imperatoris3
824 2707 960 2792 proinde
984 2707 1130 2774 volumus
1155 2715 1190 2774 et
1214 2728 1305 2774 man*

176 2813 294 2881 damus
311 2817 405 2883 vobis
420 2837 493 2882 oum
508 2814 596 2882 dicto
611 2821 725 2882 nostro
742 2812 897 2896 Consilio,
913 2821 957 2884 ‚ut
982 2815 1069 2882 detis
1095 2837 1228 2902 operam
1253 2817 1300 2882 in·

176 2923 349 3008 telligeudi
374 2923 566 3008 portionem,
593 2943 657 3005 que
680 2921 831 2990 adminus
856 2923 920 2989 hee
942 2923 977 2988 in
1001 2945 1037 2989 re
1053 2924 1146 2990 nobis
1161 2945 1222 3008 pro
1238 2944 1302 2990 uno

177 3033 283 3097 tercio
297 3039 411 3116 posset
426 3031 614 3114 contingere
631 3051 690 3114 pro
713 3029 874 3115 gentibus,
900 3051 962 3114 que
988 3037 1135 3116 tempore
1160 3051 1305 3098 neeesse·

178 3141 237 3222 rio,
263 3141 320 3224 qui
342 3145 477 3224 possent
501 3160 571 3207 esse
596 3137 661 3204 duo
687 3139 737 3205 vel
760 3145 828 3205 tres
853 3160 979 3206 menses
995 3139 1029 3206 in
1046 3161 1141 3224 anno,
1157 3139 1246 3206 diota
1262 3139 1302 3204 de

175 3271 275 3316 ceusu
299 3247 452 3314 addicta
476 3247 550 3313 loce
574 3246 715 3313 tenende
740 3254 856 3314 essent
882 3247 924 3314 Id
948 3255 1063 3331 postea
1077 3248 1172 3316 nobis
1187 3247 1305 3312 vestris

175 3355 281 3421 literis
308 3355 527 3436 declarantur,
554 3361 590 3421 ut
621 3356 819 3422 constituere
845 3361 878 3420 et
902 3354 994 3421 vobis
1025 3357 1223 3440 respondere
1249 3375 1302 3420 va·

178 3463 312 3529 leamus.

285 3570 456 3656 Quomodo
472 3592 547 3637 vere
563 3592 630 3638 una
645 3591 685 3636 ex
700 3569 935 3654 principalibus
951 3571 1066 3656 causis,
1076 3577 1209 3656 propter
1224 3593 1306 3657 ques

179 3679 324 3746 misimus
349 3701 406 3746 vos
432 3680 472 3746 ad
497 3681 596 3745 istum
631 3678 881 3745 Serenissimum
905 3678 1038 3766 Regem,
1064 3679 1125 3746 fuit
1150 3683 1306 3766 praetiea,

178 3810 276 3872 quam
293 3794 383 3854 tenet
397 3787 469 3854 Rex
485 3787 718 3854 Ferdinandus
734 3808 805 3852 eum
832 3787 961 3870 prefata
986 3789 1093 3872 Regia
1118 3790 1306 3873 Mejestate,

179 3918 277 3980 super
291 3895 423 3980 negotio
440 3897 637 3980 nuptiarum.
654 3894 816 3961 Miramur
832 3895 894 3961 hae
908 3896 949 3962 de
965 3918 1000 3962 re
1016 3895 1098 3961 nihil
1115 3917 1135 3960 a
1154 3896 1254 3980 vebia,
1269 3903 1306 3960 nt

179 4002 442 4088 expectabamus,
457 4003 665 4087 cognovisse3
683 4003 783 4088 igitur
800 4003 945 4069 volumus
961 4011 993 4068 et
1008 4001 1200 4069 mandamus
1216 4003 1306 4068 vobis

178 4134 251 4180 cum
270 4117 382 4176 nostro
399 4109 543 4180 Consilio
558 4111 773 4194 Rogatorum
790 4119 826 4176 ut
842 4113 938 4177 solito
955 4112 1085 4196 ingenio
1111 4117 1144 4177 et
1168 4110 1307 4196 pruden-

179 4220 228 4284 tia
253 4227 362 4286 vestra
387 4220 475 4284 eirca
508 4219 694 4304 hujusmodi
720 4223 886 4302 negotium
920 4221 1125 4302 exequaminj
1153 4219 1196 4302 id,
1220 4217 1307 4301 quod

181 4349 241 4410 per
257 4326 395 4391 formam
412 4326 645 4408 instructionis
670 4331 787 4406 vestre,
804 4328 895 4394 vobis
911 4325 1058 4392 dedimus
1085 4327 1116 4391 in
1134 4325 1307 4406 mandatis,

181 4441 215 4500 et
231 4456 290 4519 per
306 4435 429 4518 primas
444 4435 558 4502 literas
584 4441 710 4500 vestras
726 4435 820 4500 nobis
846 4433 968 4502 dabitis
994 4433 1147 4500 noticiam
1172 4433 1212 4498 de
1237 4440 1307 4499 toto

181 4564 228 4625 eo,
245 4542 334 4626 quod
350 4542 513 4615 habebitis
528 4543 562 4608 in
578 4543 640 4608 hae
654 4543 803 4609 materia.
