<?xml version="1.0" encoding="UTF-8"?>
<!DOCTYPE html PUBLIC "-//W3C//DTD XHTML 1.0 Transitional//EN"
    "http://www.w3.org/TR/xhtml1/DTD/xhtml1-transitional.dtd">
<html xmlns="http://www.w3.org/1999/xhtml" xml:lang="en" lang="en">
 <head>
  <title>
</title>
<meta http-equiv="Content-Type" content="text/html;charset=utf-8" />
  <meta name='ocr-system' content='tesseract 3.04.00' />
  <meta name='ocr-capabilities' content='ocr_page ocr_carea ocr_par ocr_line ocrx_word'/>
</head>
<body>
  <div class='ocr_page' id='page_1' title='image "./magyardiplomacz00mattgoog_0312.png"; bbox 0 0 3336 5252; ppageno 0'>
   <div class='ocr_carea' id='block_1_1' title="bbox 685 332 1300 404">
    <p class='ocr_par' dir='ltr' id='par_1_1' title="bbox 685 332 1300 404">
     <span class='ocr_line' id='line_1_1' title="bbox 685 332 1300 404; baseline 0.002 -4"><span class='ocrx_word' id='word_1_1' title='bbox 685 332 780 402; x_wconf 81' lang='lat'>1475.</span> <span class='ocrx_word' id='word_1_2' title='bbox 1237 332 1300 404; x_wconf 76' lang='grc'>276</span> 
     </span>
    </p>
   </div>
   <div class='ocr_carea' id='block_1_2' title="bbox 167 511 1305 1536">
    <p class='ocr_par' dir='ltr' id='par_1_2' title="bbox 167 511 1305 1536">
     <span class='ocr_line' id='line_1_2' title="bbox 167 511 1301 604; baseline -0.002 -20"><span class='ocrx_word' id='word_1_3' title='bbox 167 511 370 602; x_wconf 81' lang='lat' dir='ltr'>subjectione</span> <span class='ocrx_word' id='word_1_4' title='bbox 396 512 524 583; x_wconf 79' lang='lat' dir='ltr'>serville</span> <span class='ocrx_word' id='word_1_5' title='bbox 548 516 590 581; x_wconf 90' lang='lat' dir='ltr'>ho</span> <span class='ocrx_word' id='word_1_6' title='bbox 616 535 688 582; x_wconf 91' lang='lat' dir='ltr'>cum</span> <span class='ocrx_word' id='word_1_7' title='bbox 704 515 746 585; x_wconf 87' lang='lat' dir='ltr'>V.</span> <span class='ocrx_word' id='word_1_8' title='bbox 762 515 976 598; x_wconf 81' lang='lat' dir='ltr'>Excellentia,</span> <span class='ocrx_word' id='word_1_9' title='bbox 991 517 1059 582; x_wconf 87' lang='lat' dir='ltr'>mai</span> <span class='ocrx_word' id='word_1_10' title='bbox 1084 538 1149 583; x_wconf 91' lang='lat' dir='ltr'>non</span> <span class='ocrx_word' id='word_1_11' title='bbox 1165 517 1208 583; x_wconf 86' lang='lat' dir='ltr'>ha</span> <span class='ocrx_word' id='word_1_12' title='bbox 1233 519 1301 604; x_wconf 84' lang='lat' dir='ltr'>maj</span> 
     </span>
     <span class='ocr_line' id='line_1_3' title="bbox 167 621 1302 710; baseline 0.002 -20"><span class='ocrx_word' id='word_1_13' title='bbox 167 644 308 710; x_wconf 85' lang='lat' dir='ltr'>persona</span> <span class='ocrx_word' id='word_1_14' title='bbox 323 626 450 692; x_wconf 84' lang='lat' dir='ltr'>virente</span> <span class='ocrx_word' id='word_1_15' title='bbox 466 625 499 689; x_wconf 91' lang='lat' dir='ltr'>al</span> <span class='ocrx_word' id='word_1_16' title='bbox 515 623 645 704; x_wconf 88' lang='lat' dir='ltr'>mundo,</span> <span class='ocrx_word' id='word_1_17' title='bbox 661 625 718 709; x_wconf 91' lang='lat' dir='ltr'>piu</span> <span class='ocrx_word' id='word_1_18' title='bbox 735 625 768 689; x_wconf 91' lang='lat' dir='ltr'>di</span> <span class='ocrx_word' id='word_1_19' title='bbox 785 623 825 692; x_wconf 88' lang='lat' dir='ltr'>V.</span> <span class='ocrx_word' id='word_1_20' title='bbox 843 621 1009 708; x_wconf 80' lang='lat' dir='ltr'>Signoria,</span> <span class='ocrx_word' id='word_1_21' title='bbox 1033 623 1066 690; x_wconf 88' lang='lat' dir='ltr'>la</span> <span class='ocrx_word' id='word_1_22' title='bbox 1092 624 1190 708; x_wconf 88' lang='lat' dir='ltr'>quale</span> <span class='ocrx_word' id='word_1_23' title='bbox 1207 647 1302 710; x_wconf 89' lang='lat' dir='ltr'>spero</span> 
     </span>
     <span class='ocr_line' id='line_1_4' title="bbox 167 730 1304 817; baseline 0.001 -17"><span class='ocrx_word' id='word_1_24' title='bbox 167 755 288 801; x_wconf 84' lang='lat' dir='ltr'>ancora</span> <span class='ocrx_word' id='word_1_25' title='bbox 305 735 414 801; x_wconf 84' lang='lat' dir='ltr'>aranti</span> <span class='ocrx_word' id='word_1_26' title='bbox 432 736 464 800; x_wconf 93' lang='lat' dir='ltr'>io</span> <span class='ocrx_word' id='word_1_27' title='bbox 489 754 582 799; x_wconf 88' lang='lat' dir='ltr'>mora</span> <span class='ocrx_word' id='word_1_28' title='bbox 606 734 731 817; x_wconf 83' lang='lat' dir='ltr'>vedere,</span> <span class='ocrx_word' id='word_1_29' title='bbox 747 731 805 797; x_wconf 90' lang='lat' dir='ltr'>ohe</span> <span class='ocrx_word' id='word_1_30' title='bbox 821 730 862 801; x_wconf 88' lang='lat' dir='ltr'>V.</span> <span class='ocrx_word' id='word_1_31' title='bbox 878 731 1041 817; x_wconf 86' lang='lat' dir='ltr'>Signoria,</span> <span class='ocrx_word' id='word_1_32' title='bbox 1067 754 1118 798; x_wconf 91' lang='lat' dir='ltr'>me</span> <span class='ocrx_word' id='word_1_33' title='bbox 1141 755 1181 800; x_wconf 90' lang='lat' dir='ltr'>ne</span> <span class='ocrx_word' id='word_1_34' title='bbox 1197 734 1304 801; x_wconf 76' lang='lat' dir='ltr'>rende</span> 
     </span>
     <span class='ocr_line' id='line_1_5' title="bbox 169 837 1305 929; baseline 0 -21"><span class='ocrx_word' id='word_1_35' title='bbox 169 842 268 927; x_wconf 88' lang='lat' dir='ltr'>quale</span> <span class='ocrx_word' id='word_1_36' title='bbox 283 841 342 908; x_wconf 92' lang='lat' dir='ltr'>che</span> <span class='ocrx_word' id='word_1_37' title='bbox 353 843 443 926; x_wconf 90' lang='lat' dir='ltr'>sejno</span> <span class='ocrx_word' id='word_1_38' title='bbox 454 841 541 909; x_wconf 88' lang='lat' dir='ltr'>della</span> <span class='ocrx_word' id='word_1_39' title='bbox 565 843 632 910; x_wconf 79' lang='lat' dir='ltr'>mit</span> <span class='ocrx_word' id='word_1_40' title='bbox 649 843 779 906; x_wconf 80' lang='lat' dir='ltr'><strong>servitu.</strong></span> <span class='ocrx_word' id='word_1_41' title='bbox 795 841 848 907; x_wconf 83' lang='lat' dir='ltr'>Ex</span> <span class='ocrx_word' id='word_1_42' title='bbox 863 839 1007 926; x_wconf 88' lang='lat' dir='ltr'>Rodigio</span> <span class='ocrx_word' id='word_1_43' title='bbox 1022 837 1143 909; x_wconf 92' lang='lat' dir='ltr'><strong>VIIII.</strong></span> <span class='ocrx_word' id='word_1_44' title='bbox 1159 839 1305 929; x_wconf 76' lang='lat' dir='ltr'><strong>Augusti</strong></span> 
     </span>
     <span class='ocr_line' id='line_1_6' title="bbox 171 954 267 1017; baseline 0 -2"><span class='ocrx_word' id='word_1_45' title='bbox 171 954 267 1017; x_wconf 79' lang='lat'>1475.</span> 
     </span>
     <span class='ocr_line' id='line_1_7' title="bbox 211 1056 1120 1126; baseline -0.002 -2"><span class='ocrx_word' id='word_1_46' title='bbox 211 1057 419 1126; x_wconf 84' lang='lat' dir='ltr'>Excellentie</span> <span class='ocrx_word' id='word_1_47' title='bbox 728 1056 878 1124; x_wconf 81' lang='lat' dir='ltr'>Servitor</span> <span class='ocrx_word' id='word_1_48' title='bbox 894 1056 1120 1124; x_wconf 84' lang='lat' dir='ltr'>Fidelissimus</span> 
     </span>
     <span class='ocr_line' id='line_1_8' title="bbox 654 1163 1187 1250; baseline -0.004 -14"><span class='ocrx_word' id='word_1_49' title='bbox 654 1170 680 1236; x_wconf 87' lang='lat' dir='ltr'><strong>J</strong></span> <span class='ocrx_word' id='word_1_50' title='bbox 681 1169 864 1234; x_wconf 86' lang='lat' dir='ltr'>ustinianus</span> <span class='ocrx_word' id='word_1_51' title='bbox 880 1163 1059 1233; x_wconf 82' lang='lat' dir='ltr'>Cavitellus</span> <span class='ocrx_word' id='word_1_52' title='bbox 1075 1166 1187 1250; x_wconf 79' lang='lat' dir='ltr'>Eques</span> 
     </span>
     <span class='ocr_line' id='line_1_9' title="bbox 553 1272 1258 1361; baseline -0.003 -18"><span class='ocrx_word' id='word_1_53' title='bbox 553 1275 689 1360; x_wconf 91' lang='lat' dir='ltr'>Doctor,</span> <span class='ocrx_word' id='word_1_54' title='bbox 706 1275 908 1361; x_wconf 78' lang='lat' dir='ltr'>(lapitaueus</span> <span class='ocrx_word' id='word_1_55' title='bbox 924 1272 1100 1340; x_wconf 81' lang='lat' dir='ltr'><strong>Generalis</strong></span> <span class='ocrx_word' id='word_1_56' title='bbox 1118 1274 1258 1342; x_wconf 91' lang='lat' dir='ltr'>Policini</span> 
     </span>
     <span class='ocr_line' id='line_1_10' title="bbox 856 1382 988 1466; baseline -0.023 -17"><span class='ocrx_word' id='word_1_57' title='bbox 856 1382 988 1466; x_wconf 85' lang='lat' dir='ltr'>Rodigj.</span> 
     </span>
     <span class='ocr_line' id='line_1_11' title="bbox 275 1473 581 1536; baseline 0.003 -12"><span class='ocrx_word' id='word_1_58' title='bbox 275 1473 405 1536; x_wconf 75' lang='lat' dir='ltr'>(uirenti</span> <span class='ocrx_word' id='word_1_59' title='bbox 418 1475 581 1536; x_wconf 62' lang='lat' dir='ltr'>erramus.)</span> 
     </span>
    </p>
   </div>
   <div class='ocr_carea' id='block_1_3' title="bbox 703 1893 776 1953">
    <p class='ocr_par' dir='ltr' id='par_1_3' title="bbox 703 1893 776 1953">
     <span class='ocr_line' id='line_1_12' title="bbox 703 1893 776 1953; baseline 0 0"><span class='ocrx_word' id='word_1_60' title='bbox 703 1893 776 1953; x_wconf 74' lang='lat'>192.</span> 
     </span>
    </p>
   </div>
   <div class='ocr_carea' id='block_1_4' title="bbox 173 2069 1303 2266">
    <p class='ocr_par' dir='ltr' id='par_1_4' title="bbox 173 2069 1303 2266">
     <span class='ocr_line' id='line_1_13' title="bbox 173 2069 1303 2162; baseline 0.002 -28"><span class='ocrx_word' id='word_1_61' title='bbox 173 2069 269 2135; x_wconf 81' lang='lat'><strong><em>1475.</em></strong></span> <span class='ocrx_word' id='word_1_62' title='bbox 287 2069 453 2157; x_wconf 72' lang='lat' dir='ltr'>Moccaiyo</span> <span class='ocrx_word' id='word_1_63' title='bbox 478 2070 575 2134; x_wconf 67' lang='lat' dir='ltr'>Peter</span> <span class='ocrx_word' id='word_1_64' title='bbox 597 2069 749 2135; x_wconf 79' lang='lat' dir='ltr'>vetenczci</span> <span class='ocrx_word' id='word_1_65' title='bbox 774 2069 851 2156; x_wconf 74' lang='lat' dir='ltr'>doqe</span> <span class='ocrx_word' id='word_1_66' title='bbox 884 2095 906 2135; x_wconf 87' lang='lat' dir='ltr'>a</span> <span class='ocrx_word' id='word_1_67' title='bbox 934 2069 1075 2138; x_wconf 68' lang='lat' dir='ltr'>mitonds·</span> <span class='ocrx_word' id='word_1_68' title='bbox 1098 2075 1255 2162; x_wconf 73' lang='lat' dir='ltr'>derczeqet</span> <span class='ocrx_word' id='word_1_69' title='bbox 1282 2095 1303 2136; x_wconf 86' lang='lat' dir='ltr'>a</span> 
     </span>
     <span class='ocr_line' id='line_1_14' title="bbox 476 2179 998 2266; baseline 0.004 -24"><span class='ocrx_word' id='word_1_70' title='bbox 476 2179 568 2243; x_wconf 78' lang='lat' dir='ltr'>to&#39;rdlr</span> <span class='ocrx_word' id='word_1_71' title='bbox 582 2179 811 2266; x_wconf 72' lang='lat' dir='ltr'>yydzetmcirdl</span> <span class='ocrx_word' id='word_1_72' title='bbox 826 2181 998 2265; x_wconf 75' lang='lat' dir='ltr'>traddottja.</span> 
     </span>
    </p>
   </div>
   <div class='ocr_carea' id='block_1_5' title="bbox 170 2355 1305 2656">
    <p class='ocr_par' dir='ltr' id='par_1_5' title="bbox 170 2355 1305 2656">
     <span class='ocr_line' id='line_1_15' title="bbox 276 2355 1303 2442; baseline 0.003 -21"><span class='ocrx_word' id='word_1_73' title='bbox 276 2355 504 2424; x_wconf 88' lang='lat' dir='ltr'>Illustrissime</span> <span class='ocrx_word' id='word_1_74' title='bbox 521 2357 680 2440; x_wconf 85' lang='lat' dir='ltr'>Princeps</span> <span class='ocrx_word' id='word_1_75' title='bbox 697 2363 730 2422; x_wconf 89' lang='lat' dir='ltr'>et</span> <span class='ocrx_word' id='word_1_76' title='bbox 745 2357 879 2424; x_wconf 77' lang='lat' dir='ltr'>Ere-me</span> <span class='ocrx_word' id='word_1_77' title='bbox 895 2356 1047 2442; x_wconf 88' lang='lat' dir='ltr'>Domine,</span> <span class='ocrx_word' id='word_1_78' title='bbox 1070 2359 1175 2426; x_wconf 85' lang='lat' dir='ltr'>frater</span> <span class='ocrx_word' id='word_1_79' title='bbox 1191 2365 1303 2427; x_wconf 87' lang='lat' dir='ltr'>noster</span> 
     </span>
     <span class='ocr_line' id='line_1_16' title="bbox 170 2461 1305 2554; baseline 0.006 -26"><span class='ocrx_word' id='word_1_80' title='bbox 170 2461 356 2532; x_wconf 80' lang='lat' dir='ltr'>Carissime.</span> <span class='ocrx_word' id='word_1_81' title='bbox 374 2463 530 2531; x_wconf 85' lang='lat' dir='ltr'>Dolorem</span> <span class='ocrx_word' id='word_1_82' title='bbox 557 2471 591 2532; x_wconf 90' lang='lat' dir='ltr'>et</span> <span class='ocrx_word' id='word_1_83' title='bbox 616 2465 833 2548; x_wconf 81' lang='lat' dir='ltr'>egritudinem</span> <span class='ocrx_word' id='word_1_84' title='bbox 850 2465 951 2532; x_wconf 91' lang='lat' dir='ltr'>animi</span> <span class='ocrx_word' id='word_1_85' title='bbox 968 2469 1073 2533; x_wconf 84' lang='lat' dir='ltr'>nostri</span> <span class='ocrx_word' id='word_1_86' title='bbox 1089 2489 1128 2533; x_wconf 85' lang='lat' dir='ltr'>ex</span> <span class='ocrx_word' id='word_1_87' title='bbox 1145 2476 1305 2554; x_wconf 88' lang='lat' dir='ltr'>occupata</span> 
     </span>
     <span class='ocr_line' id='line_1_17' title="bbox 170 2569 1305 2656; baseline 0.002 -17"><span class='ocrx_word' id='word_1_88' title='bbox 170 2573 212 2639; x_wconf 89' lang='lat' dir='ltr'>ab</span> <span class='ocrx_word' id='word_1_89' title='bbox 229 2572 323 2638; x_wconf 90' lang='lat' dir='ltr'>hoste</span> <span class='ocrx_word' id='word_1_90' title='bbox 339 2572 474 2637; x_wconf 80' lang='lat' dir='ltr'>civitate</span> <span class='ocrx_word' id='word_1_91' title='bbox 501 2569 593 2637; x_wconf 84' lang='lat' dir='ltr'>Oatie</span> <span class='ocrx_word' id='word_1_92' title='bbox 619 2577 652 2636; x_wconf 92' lang='lat' dir='ltr'>et</span> <span class='ocrx_word' id='word_1_93' title='bbox 668 2572 695 2636; x_wconf 92' lang='lat' dir='ltr'>si</span> <span class='ocrx_word' id='word_1_94' title='bbox 712 2573 797 2637; x_wconf 87' lang='lat' dir='ltr'>ratio</span> <span class='ocrx_word' id='word_1_95' title='bbox 814 2573 887 2656; x_wconf 90' lang='lat' dir='ltr'>ipsa</span> <span class='ocrx_word' id='word_1_96' title='bbox 904 2575 985 2638; x_wconf 86' lang='lat' dir='ltr'>satis</span> <span class='ocrx_word' id='word_1_97' title='bbox 1004 2573 1157 2656; x_wconf 77' lang='lat' dir='ltr'>declaret,</span> <span class='ocrx_word' id='word_1_98' title='bbox 1174 2597 1194 2641; x_wconf 90' lang='lat' dir='ltr'>a</span> <span class='ocrx_word' id='word_1_99' title='bbox 1211 2577 1305 2642; x_wconf 91' lang='lat' dir='ltr'>nobis</span> 
     </span>
    </p>
   </div>
   <div class='ocr_carea' id='block_1_6' title="bbox 168 2681 1306 2874">
    <p class='ocr_par' dir='ltr' id='par_1_6' title="bbox 168 2681 1306 2874">
     <span class='ocr_line' id='line_1_18' title="bbox 168 2681 1304 2769; baseline 0 -19"><span class='ocrx_word' id='word_1_100' title='bbox 168 2691 280 2750; x_wconf 88' lang='lat' dir='ltr'>tamen</span> <span class='ocrx_word' id='word_1_101' title='bbox 304 2681 574 2761; x_wconf 68' lang='lat' dir='ltr'>eumaudivit,</span> <span class='ocrx_word' id='word_1_102' title='bbox 602 2687 635 2746; x_wconf 84' lang='lat' dir='ltr'>et</span> <span class='ocrx_word' id='word_1_103' title='bbox 660 2682 762 2747; x_wconf 90' lang='lat' dir='ltr'>oculis</span> <span class='ocrx_word' id='word_1_104' title='bbox 788 2683 1025 2766; x_wconf 89' lang='lat' dir='ltr'>propemodum</span> <span class='ocrx_word' id='word_1_105' title='bbox 1057 2686 1137 2768; x_wconf 87' lang='lat' dir='ltr'>ipsis</span> <span class='ocrx_word' id='word_1_106' title='bbox 1164 2686 1304 2769; x_wconf 84' lang='lat' dir='ltr'>inspexit</span> 
     </span>
     <span class='ocr_line' id='line_1_19' title="bbox 169 2787 1306 2874; baseline 0.001 -17"><span class='ocrx_word' id='word_1_107' title='bbox 169 2789 368 2874; x_wconf 88' lang='lat' dir='ltr'>Magnificus</span> <span class='ocrx_word' id='word_1_108' title='bbox 399 2788 487 2854; x_wconf 92' lang='lat' dir='ltr'>D·n0</span> <span class='ocrx_word' id='word_1_109' title='bbox 519 2787 712 2854; x_wconf 89' lang='lat' dir='ltr'>Leonardus</span> <span class='ocrx_word' id='word_1_110' title='bbox 743 2787 845 2854; x_wconf 89' lang='lat' dir='ltr'>Botta</span> <span class='ocrx_word' id='word_1_111' title='bbox 877 2787 1001 2857; x_wconf 84' lang='lat' dir='ltr'>Orator</span> <span class='ocrx_word' id='word_1_112' title='bbox 1025 2791 1155 2862; x_wconf 88' lang='lat' dir='ltr'>Vester.</span> <span class='ocrx_word' id='word_1_113' title='bbox 1187 2792 1233 2856; x_wconf 84' lang='lat' dir='ltr'>Et</span> <span class='ocrx_word' id='word_1_114' title='bbox 1262 2793 1306 2858; x_wconf 85' lang='lat' dir='ltr'>ad</span> 
     </span>
    </p>
   </div>
   <div class='ocr_carea' id='block_1_7' title="bbox 168 2899 1311 3957">
    <p class='ocr_par' dir='ltr' id='par_1_7' title="bbox 168 2899 1311 3957">
     <span class='ocr_line' id='line_1_20' title="bbox 170 2899 1306 2985; baseline 0 -19"><span class='ocrx_word' id='word_1_115' title='bbox 170 2899 352 2984; x_wconf 85' lang='lat' dir='ltr'>aagendam</span> <span class='ocrx_word' id='word_1_116' title='bbox 370 2899 546 2965; x_wconf 82' lang='lat' dir='ltr'>mestitiam</span> <span class='ocrx_word' id='word_1_117' title='bbox 563 2905 710 2963; x_wconf 89' lang='lat' dir='ltr'>nostram</span> <span class='ocrx_word' id='word_1_118' title='bbox 726 2900 917 2964; x_wconf 80' lang='lat' dir='ltr'>accessisset</span> <span class='ocrx_word' id='word_1_119' title='bbox 933 2899 1105 2985; x_wconf 89' lang='lat' dir='ltr'>dissipatio</span> <span class='ocrx_word' id='word_1_120' title='bbox 1128 2901 1213 2967; x_wconf 82' lang='lat' dir='ltr'>lame</span> <span class='ocrx_word' id='word_1_121' title='bbox 1230 2900 1306 2967; x_wconf 87' lang='lat' dir='ltr'>Ohii</span> 
     </span>
     <span class='ocr_line' id='line_1_21' title="bbox 170 3005 1306 3090; baseline 0 -17"><span class='ocrx_word' id='word_1_122' title='bbox 170 3009 204 3074; x_wconf 89' lang='lat' dir='ltr'>in</span> <span class='ocrx_word' id='word_1_123' title='bbox 229 3013 374 3074; x_wconf 87' lang='lat' dir='ltr'>nostram</span> <span class='ocrx_word' id='word_1_124' title='bbox 400 3007 543 3090; x_wconf 87' lang='lat' dir='ltr'>suscepti</span> <span class='ocrx_word' id='word_1_125' title='bbox 569 3005 735 3088; x_wconf 87' lang='lat' dir='ltr'>ditionem,</span> <span class='ocrx_word' id='word_1_126' title='bbox 760 3007 823 3071; x_wconf 91' lang='lat' dir='ltr'>nisi</span> <span class='ocrx_word' id='word_1_127' title='bbox 848 3009 1031 3074; x_wconf 88' lang='lat' dir='ltr'>rectissima</span> <span class='ocrx_word' id='word_1_128' title='bbox 1056 3015 1172 3077; x_wconf 87' lang='lat' dir='ltr'>nostra</span> <span class='ocrx_word' id='word_1_129' title='bbox 1203 3010 1306 3074; x_wconf 88' lang='lat' dir='ltr'>inten-</span> 
     </span>
     <span class='ocr_line' id='line_1_22' title="bbox 169 3114 1307 3200; baseline -0.002 -18"><span class='ocrx_word' id='word_1_130' title='bbox 169 3117 260 3182; x_wconf 85' lang='lat' dir='ltr'>tione</span> <span class='ocrx_word' id='word_1_131' title='bbox 286 3121 319 3180; x_wconf 90' lang='lat' dir='ltr'>et</span> <span class='ocrx_word' id='word_1_132' title='bbox 344 3119 450 3178; x_wconf 88' lang='lat' dir='ltr'>mente</span> <span class='ocrx_word' id='word_1_133' title='bbox 475 3114 561 3196; x_wconf 91' lang='lat' dir='ltr'>freti,</span> <span class='ocrx_word' id='word_1_134' title='bbox 586 3119 790 3198; x_wconf 90' lang='lat' dir='ltr'>compertum</span> <span class='ocrx_word' id='word_1_135' title='bbox 822 3115 1055 3200; x_wconf 87' lang='lat' dir='ltr'>habuissemus,</span> <span class='ocrx_word' id='word_1_136' title='bbox 1081 3115 1160 3200; x_wconf 92' lang='lat' dir='ltr'>quid</span> <span class='ocrx_word' id='word_1_137' title='bbox 1185 3115 1307 3185; x_wconf 89' lang='lat' dir='ltr'>Vestra</span> 
     </span>
     <span class='ocr_line' id='line_1_23' title="bbox 171 3221 1309 3310; baseline 0.003 -22"><span class='ocrx_word' id='word_1_138' title='bbox 171 3221 340 3290; x_wconf 83' lang='lat' dir='ltr'>Gelsitudo</span> <span class='ocrx_word' id='word_1_139' title='bbox 357 3244 418 3307; x_wconf 90' lang='lat' dir='ltr'>pro</span> <span class='ocrx_word' id='word_1_140' title='bbox 435 3243 493 3288; x_wconf 90' lang='lat' dir='ltr'>sua</span> <span class='ocrx_word' id='word_1_141' title='bbox 510 3221 669 3306; x_wconf 86' lang='lat' dir='ltr'>singulari</span> <span class='ocrx_word' id='word_1_142' title='bbox 686 3224 850 3306; x_wconf 90' lang='lat' dir='ltr'>sapientia</span> <span class='ocrx_word' id='word_1_143' title='bbox 867 3229 901 3288; x_wconf 91' lang='lat' dir='ltr'>et</span> <span class='ocrx_word' id='word_1_144' title='bbox 916 3228 1080 3306; x_wconf 84' lang='lat' dir='ltr'>gravitate</span> <span class='ocrx_word' id='word_1_145' title='bbox 1097 3233 1130 3291; x_wconf 90' lang='lat' dir='ltr'>et</span> <span class='ocrx_word' id='word_1_146' title='bbox 1146 3248 1206 3310; x_wconf 94' lang='lat' dir='ltr'>pro</span> <span class='ocrx_word' id='word_1_147' title='bbox 1222 3227 1309 3292; x_wconf 88' lang='lat' dir='ltr'>simi·</span> 
     </span>
     <span class='ocr_line' id='line_1_24' title="bbox 168 3333 1309 3419; baseline 0.001 -20"><span class='ocrx_word' id='word_1_148' title='bbox 168 3333 317 3417; x_wconf 87' lang='lat' dir='ltr'>litudine,</span> <span class='ocrx_word' id='word_1_149' title='bbox 334 3335 621 3416; x_wconf 89' lang='lat' dir='ltr'>correspontiaque</span> <span class='ocrx_word' id='word_1_150' title='bbox 638 3333 757 3398; x_wconf 89' lang='lat' dir='ltr'>mentis</span> <span class='ocrx_word' id='word_1_151' title='bbox 774 3339 806 3398; x_wconf 88' lang='lat' dir='ltr'>et</span> <span class='ocrx_word' id='word_1_152' title='bbox 821 3333 1001 3399; x_wconf 85' lang='lat' dir='ltr'>voluntatis</span> <span class='ocrx_word' id='word_1_153' title='bbox 1017 3335 1051 3399; x_wconf 92' lang='lat' dir='ltr'>in</span> <span class='ocrx_word' id='word_1_154' title='bbox 1067 3357 1126 3400; x_wconf 90' lang='lat' dir='ltr'>nos</span> <span class='ocrx_word' id='word_1_155' title='bbox 1150 3357 1210 3401; x_wconf 92' lang='lat' dir='ltr'>sue</span> <span class='ocrx_word' id='word_1_156' title='bbox 1223 3335 1309 3419; x_wconf 89' lang='lat' dir='ltr'>judi·</span> 
     </span>
     <span class='ocr_line' id='line_1_25' title="bbox 172 3440 1309 3524; baseline 0.002 -18"><span class='ocrx_word' id='word_1_157' title='bbox 172 3449 289 3508; x_wconf 86' lang='lat' dir='ltr'>catura</span> <span class='ocrx_word' id='word_1_158' title='bbox 313 3440 436 3507; x_wconf 89' lang='lat' dir='ltr'>suisset.</span> <span class='ocrx_word' id='word_1_159' title='bbox 462 3441 507 3506; x_wconf 81' lang='lat' dir='ltr'>Et</span> <span class='ocrx_word' id='word_1_160' title='bbox 532 3442 679 3524; x_wconf 90' lang='lat' dir='ltr'>quamvis</span> <span class='ocrx_word' id='word_1_161' title='bbox 705 3461 779 3505; x_wconf 93' lang='lat' dir='ltr'>cum</span> <span class='ocrx_word' id='word_1_162' title='bbox 811 3440 926 3506; x_wconf 91' lang='lat' dir='ltr'>eodem</span> <span class='ocrx_word' id='word_1_163' title='bbox 952 3440 1095 3508; x_wconf 86' lang='lat' dir='ltr'>Oratore</span> <span class='ocrx_word' id='word_1_164' title='bbox 1121 3440 1252 3524; x_wconf 89' lang='lat' dir='ltr'>Vestro,</span> <span class='ocrx_word' id='word_1_165' title='bbox 1277 3450 1309 3508; x_wconf 92' lang='lat' dir='ltr'>et</span> 
     </span>
     <span class='ocr_line' id='line_1_26' title="bbox 175 3547 1309 3634; baseline 0.003 -20"><span class='ocrx_word' id='word_1_166' title='bbox 175 3555 253 3615; x_wconf 87' lang='lat' dir='ltr'>ante</span> <span class='ocrx_word' id='word_1_167' title='bbox 270 3556 304 3614; x_wconf 91' lang='lat' dir='ltr'>et</span> <span class='ocrx_word' id='word_1_168' title='bbox 319 3555 394 3632; x_wconf 89' lang='lat' dir='ltr'>post</span> <span class='ocrx_word' id='word_1_169' title='bbox 408 3548 598 3633; x_wconf 87' lang='lat' dir='ltr'>hujusmodi</span> <span class='ocrx_word' id='word_1_170' title='bbox 608 3547 1189 3631; x_wconf 86' lang='lat' dir='ltr'>divulgationem,sufficienterlocuti</span> <span class='ocrx_word' id='word_1_171' title='bbox 1200 3552 1309 3634; x_wconf 86' lang='lat' dir='ltr'>simus,</span> 
     </span>
     <span class='ocr_line' id='line_1_27' title="bbox 168 3655 1306 3744; baseline 0.003 -22"><span class='ocrx_word' id='word_1_172' title='bbox 168 3661 207 3722; x_wconf 88' lang='lat' dir='ltr'>ut</span> <span class='ocrx_word' id='word_1_173' title='bbox 221 3657 377 3741; x_wconf 88' lang='lat' dir='ltr'>quioquid</span> <span class='ocrx_word' id='word_1_174' title='bbox 392 3664 543 3740; x_wconf 89' lang='lat' dir='ltr'>preterea</span> <span class='ocrx_word' id='word_1_175' title='bbox 567 3655 637 3736; x_wconf 88' lang='lat' dir='ltr'>fiat,</span> <span class='ocrx_word' id='word_1_176' title='bbox 664 3656 840 3737; x_wconf 83' lang='lat' dir='ltr'>dicaturve,</span> <span class='ocrx_word' id='word_1_177' title='bbox 868 3655 1048 3723; x_wconf 89' lang='lat' dir='ltr'>diffidentie</span> <span class='ocrx_word' id='word_1_178' title='bbox 1074 3659 1182 3742; x_wconf 89' lang='lat' dir='ltr'>potius</span> <span class='ocrx_word' id='word_1_179' title='bbox 1199 3661 1306 3744; x_wconf 88' lang='lat' dir='ltr'>cujus·</span> 
     </span>
     <span class='ocr_line' id='line_1_28' title="bbox 170 3763 1310 3848; baseline 0.004 -21"><span class='ocrx_word' id='word_1_180' title='bbox 170 3763 244 3830; x_wconf 89' lang='lat' dir='ltr'>dam</span> <span class='ocrx_word' id='word_1_181' title='bbox 262 3771 499 3848; x_wconf 79' lang='lat' dir='ltr'>argumentum,</span> <span class='ocrx_word' id='word_1_182' title='bbox 515 3786 612 3848; x_wconf 90' lang='lat' dir='ltr'>quam</span> <span class='ocrx_word' id='word_1_183' title='bbox 631 3764 847 3830; x_wconf 87' lang='lat' dir='ltr'>sincerissime</span> <span class='ocrx_word' id='word_1_184' title='bbox 863 3763 1058 3830; x_wconf 86' lang='lat' dir='ltr'>confidentie</span> <span class='ocrx_word' id='word_1_185' title='bbox 1077 3771 1188 3832; x_wconf 86' lang='lat' dir='ltr'>nostre</span> <span class='ocrx_word' id='word_1_186' title='bbox 1206 3767 1310 3832; x_wconf 85' lang='lat' dir='ltr'>videri</span> 
     </span>
     <span class='ocr_line' id='line_1_29' title="bbox 169 3871 1311 3957; baseline 0.001 -19"><span class='ocrx_word' id='word_1_187' title='bbox 169 3874 283 3957; x_wconf 86' lang='lat' dir='ltr'>possit,</span> <span class='ocrx_word' id='word_1_188' title='bbox 299 3873 442 3938; x_wconf 91' lang='lat' dir='ltr'>scribere</span> <span class='ocrx_word' id='word_1_189' title='bbox 458 3879 569 3938; x_wconf 89' lang='lat' dir='ltr'>tamen</span> <span class='ocrx_word' id='word_1_190' title='bbox 593 3873 685 3952; x_wconf 88' lang='lat' dir='ltr'>istas,</span> <span class='ocrx_word' id='word_1_191' title='bbox 710 3871 856 3937; x_wconf 88' lang='lat' dir='ltr'>nondum</span> <span class='ocrx_word' id='word_1_192' title='bbox 872 3874 1043 3956; x_wconf 89' lang='lat' dir='ltr'>presertim</span> <span class='ocrx_word' id='word_1_193' title='bbox 1070 3875 1213 3941; x_wconf 86' lang='lat' dir='ltr'>extincta</span> <span class='ocrx_word' id='word_1_194' title='bbox 1230 3874 1281 3942; x_wconf 87' lang='lat' dir='ltr'>inf</span> <span class='ocrx_word' id='word_1_195' title='bbox 1300 3914 1311 3928; x_wconf 93' lang='lat'><strong>·</strong></span> 
     </span>
    </p>
   </div>
   <div class='ocr_carea' id='block_1_8' title="bbox 12 3980 1311 4080">
    <p class='ocr_par' dir='ltr' id='par_1_8' title="bbox 12 3980 1311 4080">
     <span class='ocr_line' id='line_1_30' title="bbox 12 3980 1311 4080; baseline 0.003 -36"><span class='ocrx_word' id='word_1_196' title='bbox 12 4041 13 4044; x_wconf 74' lang='grc'>,</span> <span class='ocrx_word' id='word_1_197' title='bbox 104 4075 107 4080; x_wconf 27' lang='grc' dir='ltr'>Ι</span> <span class='ocrx_word' id='word_1_198' title='bbox 169 3984 235 4048; x_wconf 86' lang='lat' dir='ltr'>mia</span> <span class='ocrx_word' id='word_1_199' title='bbox 252 3980 422 4047; x_wconf 89' lang='lat' dir='ltr'>antedicta</span> <span class='ocrx_word' id='word_1_200' title='bbox 447 3980 707 4062; x_wconf 68' lang='lat' dir='ltr'>deliberavimus</span> <span class='ocrx_word' id='word_1_201' title='bbox 734 3987 770 4046; x_wconf 91' lang='lat' dir='ltr'>ut</span> <span class='ocrx_word' id='word_1_202' title='bbox 795 3988 906 4046; x_wconf 91' lang='lat' dir='ltr'>nostro</span> <span class='ocrx_word' id='word_1_203' title='bbox 934 3982 1027 4062; x_wconf 88' lang='lat' dir='ltr'>quasi</span> <span class='ocrx_word' id='word_1_204' title='bbox 1053 3982 1195 4065; x_wconf 86' lang='lat' dir='ltr'>quodam</span> <span class='ocrx_word' id='word_1_205' title='bbox 1222 4003 1311 4068; x_wconf 87' lang='lat' dir='ltr'>cyro·</span> 
     </span>
    </p>
   </div>
   <div class='ocr_carea' id='block_1_9' title="bbox 170 4087 1313 4503">
    <p class='ocr_par' dir='ltr' id='par_1_9' title="bbox 170 4087 1313 4503">
     <span class='ocr_line' id='line_1_31' title="bbox 170 4087 1312 4175; baseline 0 -19"><span class='ocrx_word' id='word_1_206' title='bbox 170 4091 297 4174; x_wconf 83' lang='lat' dir='ltr'>grapho</span> <span class='ocrx_word' id='word_1_207' title='bbox 324 4097 357 4154; x_wconf 88' lang='lat' dir='ltr'>et</span> <span class='ocrx_word' id='word_1_208' title='bbox 379 4087 454 4154; x_wconf 90' lang='lat' dir='ltr'>fidei</span> <span class='ocrx_word' id='word_1_209' title='bbox 479 4089 614 4174; x_wconf 88' lang='lat' dir='ltr'>pignore</span> <span class='ocrx_word' id='word_1_210' title='bbox 640 4088 811 4155; x_wconf 87' lang='lat' dir='ltr'>Oelsitudo</span> <span class='ocrx_word' id='word_1_211' title='bbox 828 4089 955 4156; x_wconf 89' lang='lat' dir='ltr'>Vestra</span> <span class='ocrx_word' id='word_1_212' title='bbox 981 4095 1014 4154; x_wconf 89' lang='lat' dir='ltr'>et</span> <span class='ocrx_word' id='word_1_213' title='bbox 1029 4087 1216 4156; x_wconf 81' lang='lat' dir='ltr'>Januenses</span> <span class='ocrx_word' id='word_1_214' title='bbox 1240 4089 1312 4175; x_wconf 86' lang='lat' dir='ltr'>ipsi,</span> 
     </span>
     <span class='ocr_line' id='line_1_32' title="bbox 171 4197 1312 4284; baseline 0.001 -20"><span class='ocrx_word' id='word_1_215' title='bbox 171 4200 279 4284; x_wconf 86' lang='lat' dir='ltr'>qualis</span> <span class='ocrx_word' id='word_1_216' title='bbox 297 4199 349 4277; x_wconf 89' lang='lat' dir='ltr'>sit,</span> <span class='ocrx_word' id='word_1_217' title='bbox 366 4197 545 4281; x_wconf 84' lang='lat' dir='ltr'>futuraque</span> <span class='ocrx_word' id='word_1_218' title='bbox 561 4207 722 4282; x_wconf 87' lang='lat' dir='ltr'>perpetuo</span> <span class='ocrx_word' id='word_1_219' title='bbox 739 4198 781 4263; x_wconf 89' lang='lat' dir='ltr'>sit</span> <span class='ocrx_word' id='word_1_220' title='bbox 792 4197 962 4281; x_wconf 87' lang='lat' dir='ltr'>dispositio</span> <span class='ocrx_word' id='word_1_221' title='bbox 979 4202 1013 4262; x_wconf 83' lang='lat' dir='ltr'>et</span> <span class='ocrx_word' id='word_1_222' title='bbox 1030 4199 1181 4264; x_wconf 86' lang='lat' dir='ltr'>voluutas</span> <span class='ocrx_word' id='word_1_223' title='bbox 1197 4207 1312 4265; x_wconf 86' lang='lat' dir='ltr'>nostra</span> 
     </span>
     <span class='ocr_line' id='line_1_33' title="bbox 170 4306 1313 4392; baseline 0.002 -20"><span class='ocrx_word' id='word_1_224' title='bbox 170 4309 202 4374; x_wconf 88' lang='lat' dir='ltr'>in</span> <span class='ocrx_word' id='word_1_225' title='bbox 219 4307 345 4374; x_wconf 87' lang='lat' dir='ltr'>cunctis</span> <span class='ocrx_word' id='word_1_226' title='bbox 362 4306 460 4372; x_wconf 88' lang='lat' dir='ltr'>rebus</span> <span class='ocrx_word' id='word_1_227' title='bbox 486 4311 519 4371; x_wconf 90' lang='lat' dir='ltr'>et</span> <span class='ocrx_word' id='word_1_228' title='bbox 535 4308 677 4391; x_wconf 85' lang='lat' dir='ltr'>negotiis</span> <span class='ocrx_word' id='word_1_229' title='bbox 706 4308 833 4386; x_wconf 75' lang='lat' dir='ltr'>restris</span> <span class='ocrx_word' id='word_1_230' title='bbox 859 4313 1050 4390; x_wconf 87' lang='lat' dir='ltr'>agnoscant.</span> <span class='ocrx_word' id='word_1_231' title='bbox 1069 4311 1136 4374; x_wconf 89' lang='lat' dir='ltr'>Nos</span> <span class='ocrx_word' id='word_1_232' title='bbox 1152 4315 1227 4392; x_wconf 89' lang='lat' dir='ltr'>post</span> <span class='ocrx_word' id='word_1_233' title='bbox 1244 4330 1313 4376; x_wconf 87' lang='lat' dir='ltr'>sus·</span> 
     </span>
     <span class='ocr_line' id='line_1_34' title="bbox 170 4415 1312 4503; baseline -0.002 -20"><span class='ocrx_word' id='word_1_234' title='bbox 170 4421 300 4501; x_wconf 88' lang='lat' dir='ltr'>ceptum</span> <span class='ocrx_word' id='word_1_235' title='bbox 323 4438 396 4482; x_wconf 90' lang='lat' dir='ltr'>cum</span> <span class='ocrx_word' id='word_1_236' title='bbox 414 4415 523 4482; x_wconf 80' lang='lat' dir='ltr'>uurco</span> <span class='ocrx_word' id='word_1_237' title='bbox 548 4416 679 4500; x_wconf 88' lang='lat' dir='ltr'>bellum,</span> <span class='ocrx_word' id='word_1_238' title='bbox 695 4437 760 4482; x_wconf 91' lang='lat' dir='ltr'>non</span> <span class='ocrx_word' id='word_1_239' title='bbox 779 4415 884 4499; x_wconf 89' lang='lat' dir='ltr'>magis</span> <span class='ocrx_word' id='word_1_240' title='bbox 910 4423 1034 4500; x_wconf 88' lang='lat' dir='ltr'>nostra,</span> <span class='ocrx_word' id='word_1_241' title='bbox 1052 4437 1150 4503; x_wconf 85' lang='lat' dir='ltr'>quam</span> <span class='ocrx_word' id='word_1_242' title='bbox 1167 4419 1312 4484; x_wconf 90' lang='lat' dir='ltr'>comunis</span> 
     </span>
    </p>
   </div>
   <div class='ocr_carea' id='block_1_10' title="bbox 169 4523 1312 4686">
    <p class='ocr_par' dir='ltr' id='par_1_10' title="bbox 169 4523 1312 4686">
     <span class='ocr_line' id='line_1_35' title="bbox 169 4523 1312 4610; baseline -0.001 -19"><span class='ocrx_word' id='word_1_243' title='bbox 169 4525 246 4592; x_wconf 88' lang='lat' dir='ltr'>fidei</span> <span class='ocrx_word' id='word_1_244' title='bbox 263 4532 297 4591; x_wconf 91' lang='lat' dir='ltr'>et</span> <span class='ocrx_word' id='word_1_245' title='bbox 313 4524 481 4609; x_wconf 89' lang='lat' dir='ltr'>religionis</span> <span class='ocrx_word' id='word_1_246' title='bbox 498 4547 606 4608; x_wconf 89' lang='lat' dir='ltr'>causa,</span> <span class='ocrx_word' id='word_1_247' title='bbox 622 4549 659 4592; x_wconf 91' lang='lat' dir='ltr'>eo</span> <span class='ocrx_word' id='word_1_248' title='bbox 677 4547 803 4609; x_wconf 89' lang='lat' dir='ltr'>semper</span> <span class='ocrx_word' id='word_1_249' title='bbox 820 4524 931 4589; x_wconf 87' lang='lat' dir='ltr'>animo</span> <span class='ocrx_word' id='word_1_250' title='bbox 956 4523 1082 4608; x_wconf 85' lang='lat' dir='ltr'>luimus,</span> <span class='ocrx_word' id='word_1_251' title='bbox 1098 4531 1137 4591; x_wconf 91' lang='lat' dir='ltr'>ut</span> <span class='ocrx_word' id='word_1_252' title='bbox 1160 4525 1312 4610; x_wconf 91' lang='lat' dir='ltr'>reliquos,</span> 
     </span>
     <span class='ocr_line' id='line_1_36' title="bbox 1156 4635 1205 4686; baseline 0.041 -2"><span class='ocrx_word' id='word_1_253' title='bbox 1156 4635 1205 4686; x_wconf 79' lang='lat' dir='ltr'>ra*</span> 
     </span>
    </p>
   </div>
   <div class='ocr_carea' id='block_1_11' title="bbox 0 0 1676 5252">
    <p class='ocr_par' dir='ltr' id='par_1_11' title="bbox 0 0 1676 5252">
     <span class='ocr_line' id='line_1_37' title="bbox 0 0 1676 5252; baseline 0 0"><span class='ocrx_word' id='word_1_254' title='bbox 0 0 1676 5252; x_wconf 95' lang='lat' dir='ltr'> </span> 
     </span>
    </p>
   </div>
  </div>
 </body>
</html>
