3356 5266
366 295 429 356 104
715 313 948 358 nnnonnonrsr
974 302 1142 360 nunnus.

363 471 520 554 volumus,
530 472 662 536 utinter
678 492 733 536 eos
751 471 936 556 distribuas,
954 474 1003 538 cui
1019 473 1129 556 plnres
1146 479 1180 540 et
1196 476 1247 539 cui
1263 475 1442 558 pauciores,
1454 473 1499 538 si-

364 579 488 646 outoni
506 580 660 664 cujusque
677 579 901 646 conditionum
926 583 1054 665 exigere
1076 581 1305 666 judicaveritis
1332 591 1367 650 et
1382 583 1494 648 decla-

357 682 455 754 ‘rabis
480 686 664 772 hujusmodi
688 689 844 766 pecunias
869 689 941 755 dari
967 693 1013 755 eis
1036 687 1086 775 lad
1118 690 1214 754 finem
1246 689 1496 756 nutriendorum

366 795 513 880 gentium
529 815 670 877 suarum,
685 816 745 878 pro
762 795 1004 861 conservatione
1028 797 1172 861 locorum
1199 801 1233 860 et
1256 817 1317 880 pro
1342 794 1496 861 arcendis

367 906 467 970 etiem
489 901 754 987 populationibus
780 901 972 970 Turcorum.
996 903 1043 969 nt
1067 903 1107 968 dc
1131 925 1240 968 rerum
1265 904 1408 969 omnium
1431 903 1497 968 tibi

368 1012 612 1079 commissarum
637 1031 787 1078 successu
803 1033 861 1078 noe
878 1012 1051 1096 diligenter
1071 1013 1183 1078 advisa
1201 1019 1234 1078 et
1249 1018 1385 1096 expecta
1401 1034 1497 1078 man—

368 1118 488 1187 datum.

475 1227 527 1294 De
542 1232 638 1312 perte
655 1229 706 1293 35.

369 1335 429 1402 Ser
445 1336 470 1401 J
472 1336 591 1402 acobus
606 1336 826 1403 Maurocenus
967 1336 1044 1403 Non
1060 1338 1129 1404 vult
1147 1337 1327 1421 capitulum
1343 1337 1495 1421 pecunia-

369 1443 507 1528 Sapiens
524 1452 612 1510 terre
628 1445 750 1509 iermae
905 1467 987 1528 rum,
1011 1444 1069 1510 sed
1093 1446 1164 1510 loco
1194 1446 1280 1511 illius
1307 1445 1376 1510 vult
1406 1442 1496 1510 istud

368 1575 440 1620 eum
463 1555 592 1638 reliqua
615 1537 850 1634 commissione,
875 1552 909 1617 in
943 1555 1043 1618 certis
1068 1553 1237 1636 partibus:
1270 1575 1346 1620 eum
1378 1573 1495 1636 supra-

368 1663 499 1746 scriptis
515 1660 697 1728 (inmitibus
721 1668 754 1728 et
779 1661 928 1727 similiter
954 1684 1026 1728 cum
1051 1665 1274 1746 suprascripto
1298 1661 1495 1728 Reverendo

368 1772 511 1837 Domino
525 1771 689 1856 Episcopo
714 1769 1077 1855 Quinqueecclesiarum
1100 1771 1259 1852 volumus,
1275 1778 1314 1836 ut
1339 1770 1493 1837 conferas

368 1885 402 1946 et
417 1879 660 1964 diligentissime
675 1880 821 1963 inquiras
836 1885 869 1944 et
885 1879 1069 1964 intelligere
1084 1902 1240 1966 procures
1256 1882 1324 1946 vias
1339 1879 1495 1946 etmodos

369 1987 581 2053 assecurandi
596 1993 629 2051 et
645 1986 858 2053 conservandi
874 1985 1020 2071 Dominij
1037 2008 1157 2068 eorum,
1175 1993 1208 2053 et
1227 1990 1256 2053 si
1275 1994 1388 2072 gentes
1414 1987 1494 2052 illuc

369 2103 428 2162 aut
442 2094 598 2162 mittendo
615 2101 672 2161 aut
687 2095 895 2161 conducenda
919 2095 988 2161 illic
1004 2102 1120 2178 essent,
1145 2101 1178 2161 ct
1203 2102 1351 2164 nostrum
1376 2094 1495 2180 guber·

369 2209 527 2286 notorem,
543 2225 640 2288 qnam
656 2203 778 2270 habere
794 2209 927 2288 possent
943 2204 1162 2287 quantitatem
1179 2205 1340 2288 impresie,
1356 2226 1419 2288 que
1444 2203 1493 2269 sa-

367 2311 483 2379 cisnda
509 2317 603 2391 esset,
627 2317 660 2376 et
684 2312 792 2392 situm,
807 2311 1088 2396 conditionemque
1112 2311 1255 2378 locorum
1281 2317 1314 2377 et
1340 2310 1492 2377 omnibus

366 2421 613 2504 particulariter
630 2425 664 2486 et
680 2419 831 2486 distincte
847 2421 985 2506 cognitis
1000 2443 1059 2487 nos
1075 2443 1134 2506 per
1158 2428 1232 2486 tuas
1248 2420 1377 2485 litteras
1393 2419 1494 2484 facito

367 2530 520 2595 certiores
537 2536 570 2594 et
586 2529 695 2594 omnia
711 2527 861 2594 minutim
878 2528 984 2596 scribe
999 2535 1034 2594 ct
1048 2529 1180 2596 declara
1195 2535 1229 2593 et
1251 2535 1388 2612 expecta
1403 2551 1494 2594 ruan-

364 2637 487 2705 datum.

473 2745 524 2812 De
541 2752 634 2829 parte
681 2749 732 2809 56.

472 2853 524 2918 De
539 2875 604 2918 non
650 2857 679 2917 8.

472 2959 548 3026 Non
565 2959 691 3027 Sinceri
739 2965 789 3026 10.

473 3123 629 3182 (Velsnozei
642 3124 837 3188 ellamkdnyv:
861 3125 1063 3178 Deliberationi
1087 3127 1195 3177 Secreto
1217 3127 1262 3178 del
1286 3125 1382 3177 Senatu
1414 3131 1439 3175 8.
1463 3128 1494 3187 l.)

904 3559 955 3620 67.

364 3733 462 3797 1469.
479 3731 509 3797 A
526 3733 679 3798 veleuczcc'
695 3713 914 3801 dllcmtcodcs
940 3739 1082 3822 utorip'c
1110 3739 1246 3805 ›S'anudo
1273 3741 1413 3806 Feresne
1438 3745 1491 3804 rd-

362 3843 434 3904 mcc'
451 3842 581 3922 kdveie't,
597 3844 678 3930 doqy
693 3869 714 3907 a
728 3847 879 3930 pdpdcdl
896 3871 917 3909 a
932 3847 1071 3932 sequias·
1085 3847 1202 3932 profok
1225 3849 1347 3914 kduetc't
1371 3873 1394 3913 o
1420 3873 1489 3937 eryc-

523 3950 622 4014 rende
637 3951 777 4037 eeqc'lyre
794 3954 886 4016 ndzvc
911 3955 1108 4019 katkato'ran
1122 3957 1328 4040 pydmolc'tro.

362 4142 711 4214 MOOOOLXVIIII.
729 4145 780 4213 die
797 4144 876 4216 XV.
892 4145 1027 4231 Aprilis,

365 4251 535 4336 Sapientes
552 4251 689 4338 Oonsilij
716 4261 749 4319 et
911 4255 971 4322 Ser
995 4257 1173 4326 Francisco
1199 4260 1336 4344 Sannio,
1352 4258 1489 4327 Oratori

456 4384 472 4419 ›
552 4359 610 4425 tf.
849 4369 960 4430 nostro
986 4365 1074 4450 apud
1098 4366 1264 4434 Summum
1285 4369 1484 4436 Pontificem.

482 4515 492 4538 .
520 4517 527 4537 .
558 4515 565 4534 .
588 4467 720 4538 Misissc
736 4469 768 4537 in
814 4471 918 4538 uriam
936 4473 1063 4564 debent,
1078 4481 1112 4542 et
1127 4477 1384 4564 cdwnspectum
1399 4473 1492 4544 Sum·
