3340 5260
678 795 751 856 121.

146 996 243 1058 1470.
261 997 290 1057 A
307 993 461 1057 ocleaczei
485 992 707 1056 ellamranccs
731 993 926 1056 haldrozata
944 1017 966 1056 a
982 996 1110 1056 cadrzdr
1125 991 1283 1078 meqlcern·

143 1103 211 1164 sese
229 1101 365 1187 j'olytu'n
390 1124 409 1163 α
432 1100 577 1187 lllaqycr
602 1101 796 1164 Baldzezeal
824 1111 1000 1187 egyitttesen
1026 1125 1047 1166 a
1067 1100 1156 1165 torol
1173 1099 1281 1186 beryc-

306 1209 454 1274 maleae
472 1207 551 1274 clleo
567 1210 678 1274 tcendt
694 1209 912 1275 intc‘zkedlsek
927 1211 1122 1295 rerqyahan.

142 1403 413 1472 monconxx.
431 1403 546 1470 aren.
563 1405 668 1488 Junij.

254 1529 352 1614 Quod
377 1535 505 1595 attenta
530 1531 698 1611 instantia,
725 1552 823 1614 quarn
850 1529 928 1597 lacit
952 1531 1112 1616 Majestas
1138 1529 1284 1614 Impera-

142 1639 233 1704 toria
249 1639 289 1704 de
305 1639 466 1706 mittendo
481 1661 582 1704 unum
599 1645 746 1705 nostrum
764 1637 938 1707 Oratorem
962 1640 1134 1723 adportes
1159 1639 1282 1704 mum.

142 1747 206 1827 nis,
224 1747 280 1831 qui
296 1748 428 1838 insimul
444 1769 517 1814 oum
534 1749 601 1812 suis
618 1747 689 1813 dari
706 1749 809 1831 possit
823 1749 939 1814 modus
957 1753 990 1814 et
1007 1747 1088 1813 ordo
1106 1769 1178 1813 cum
1189 1745 1284 1811 Maer

9 1845 11 1894 ³
141 1853 259 1920 Blasio
284 1854 546 1944 ad'obviamlum
571 1855 794 1921 invasionibus
821 1854 1013 1937 Turcorum,
1045 1876 1192 1921 necnon
1224 1875 1283 1938 pro

143 1962 345 2047 adaptandis
371 1963 552 2028 confinibus
578 1963 766 2045 Majeslatis
792 1963 929 2048 prefate,
954 1971 986 2029 et
1011 1965 1132 2029 nostris
1159 1964 1192 2027 in
1219 1961 1283 2025 illis

140 2071 304 2156 partibus,
320 2072 411 2136 vadit
427 2093 522 2154 pars:
539 2070 635 2156 Quod
652 2093 711 2155 per
727 2069 911 2156 Collegium
937 2073 1080 2154 eligatur
1107 2092 1190 2137 unus
1207 2091 1281 2134 nos·

143 2185 200 2244 ter
216 2180 345 2262 nobilis,
360 2181 416 2263 qni
441 2180 539 2245 vadat
565 2180 607 2246 ad
633 2179 756 2244 dictum
781 2179 888 2246 locum
913 2201 971 2264 pro
997 2180 1092 2245 dictio
1118 2179 1233 2261 causis,
1250 2182 1283 2241 et

9 2259 11 2342 ἶ
142 2287 247 2354 vadat
263 2309 334 2352 cum
350 2287 409 2352 illa
429 2287 556 2353 familia
580 2293 614 2352 et
639 2289 875 2367 commissione,
901 2308 965 2370 que
991 2287 1051 2352 sibi
1076 2285 1283 2368 dabiturper

143 2393 341 2479 Collegium,
357 2403 389 2460 et
407 2395 536 2479 quando
554 2397 722 2479 placuerit,
741 2404 773 2461 et
789 2397 999 2462 manda-bitur
1014 2418 1071 2480 per
1085 2394 1282 2460 Dominium.

259 2538 310 2605 De
326 2549 419 2625 parte
510 2577 554 2588 -
603 2544 676 2607 134.

257 2647 308 2713 Do
325 2669 390 2713 non
507 2689 551 2698 -
643 2655 673 2714 0.

256 2757 332 2823 Non
349 2758 465 2823 sinceri
506 2791 550 2806 -
642 2763 671 2823 0.

256 2919 293 2982 (A
307 2921 445 2971 velenczei
457 2921 636 2982 allamkonyv
651 2924 712 2970 113.
722 2919 751 2980 l.)

633 3134 793 3142 .-——.-—..

683 3411 755 3474 122.

9 3593 11 3616 ³
142 3605 248 3668 1470.
275 3599 322 3666 Aa
346 3605 449 3670 oetiai
476 3605 605 3692 pespilc
632 3606 664 3669 ta
690 3607 843 3672 marnoa
869 3631 891 3671 a
922 3605 1063 3671 milanos·
1093 3605 1284 3692 herczeqoek

327 3713 459 3798 ajdolja
477 3713 617 3777 Kalolio
633 3715 778 3780 boezaioi
794 3713 947 3801 kiralyne'
962 3713 1104 3780 klivctec't.

259 3904 369 3976 Ill-me
399 3909 569 3993 Princeps,
595 3915 628 3975 et
653 3910 770 3974 Ex-nre
794 3909 936 3977 Domine
962 3915 1129 3994 compater
1155 3915 1188 3972 et
1211 3931 1282 3974 con·

9 4011 11 4018 ¹
141 4018 332 4102 sanguines
357 4019 646 4100 honorandissime,
671 4019 994 4085 commendationem.
1011 4018 1123 4084 Ill-ms
1142 4017 1285 4082 Domina

9 4169 16 4180 ·
141 4128 282 4211 Regina
307 4127 417 4194 Bosne
442 4128 543 4193 mittit
568 4127 611 4193 ad
636 4125 791 4195 Vestram
816 4128 1057 4194 Excellenciam
1084 4132 1190 4192 certos
1209 4147 1284 4192 suos

9 4299 10 4306 ,
140 4236 318 4317 Oratores,
343 4235 459 4301 harum
485 4237 616 4318 latores,
641 4257 700 4320 pro
726 4237 823 4302 certis
850 4237 917 4303 suis
941 4236 1092 4319 negociis,
1126 4256 1190 4319 que
1215 4233 1284 4299 illic

9 4359 11 4426 ζ
139 4345 233 4410 dicit
250 4365 283 4408 se
301 4351 447 4410 acturam
474 4367 554 4410 esse.
582 4345 727 4429 Rogavit
737 4361 812 4428 noe,
830 4344 918 4430 quod
942 4345 1017 4410 illos
1044 4343 1282 4410 commendare·

9 4459 10 4462 ’
140 4474 222 4520 mus
248 4449 366 4518 Vestre
392 4453 604 4520 Excellenoie.
620 4449 691 4518 Nos
717 4454 863 4519 volentes
887 4453 935 4518 illi
962 4453 1173 4536 complacere,
1190 4474 1287 4534 roga-

140 4581 223 4628 mus
255 4560 490 4625 Excellentiam
522 4559 687 4644 Vestram,
719 4563 808 4645 quod
839 4563 928 4646 ipsos
959 4557 1118 4626 Oratores
1142 4561 1175 4626 in
1206 4561 1286 4643 ipsis

196 4695 259 4732 MON-
276 4696 359 4734 nuno.
375 4698 442 4735 urar.
458 4710 501 4718 -
518 4697 577 4735 ΔΟΤ.
592 4699 653 4734 ΙΧΤ.
669 4699 696 4737 V.
1144 4673 1175 4718 ῃ
