3356 5266
678 755 727 818 76.

15 891 17 908 i
131 924 233 987 1469.
251 921 281 986 A
300 919 452 986 uelencaei
468 880 719 983 dlanrsouacsa
730 915 822 981 torst
833 913 986 979 etleudbeu
999 913 1162 978 Friaulbo
1180 915 1269 978 loeas

421 1029 454 1091 e's
470 1025 587 1114 ppulop
596 1019 767 1111 seppoeres
783 1025 848 1087 erdt
865 1021 986 1086 reudel.

131 1185 487 1256 MCGCGLXVHII.
504 1185 556 1250 die
573 1183 678 1250 XXI.
694 1184 718 1250 J
721 1183 800 1268 unij.

133 1297 249 1381 28ap.
267 1295 400 1380 Consilij
461 1295 463 1379 ζ
555 1292 603 1359 Ut
619 1291 759 1358 habetur
775 1312 814 1356 ex
829 1290 936 1356 literis
961 1290 1134 1373 potestatis
1159 1297 1190 1355 et
1216 1311 1268 1356 ea·

132 1408 155 1468 2
205 1428 220 1463 s
269 1411 292 1469 t.
309 1403 330 1468 f.
460 1404 463 1510 ’ἰ
510 1401 634 1487 pitanei
682 1401 786 1466 nostri
830 1397 1066 1482 Iustinopolis,
1105 1397 1268 1481 capitanei

130 1512 307 1596 Respurch
323 1518 356 1577 et
376 1512 517 1578 oratoris
533 1510 635 1576 nostri
652 1509 694 1575 ad
710 1512 821 1592 partes
838 1505 953 1590 Segne,
963 1505 1063 1572 Turoi
1079 1505 1112 1569 iu
1126 1507 1268 1571 maximo

130 1641 267 1686 numero
292 1624 505 1686 excurrerunt
529 1618 572 1682 ad
596 1623 707 1701 partes
738 1613 906 1696 Lubianio‚
937 1613 1089 1680 videlicet
1120 1614 1163 1680 ad
1194 1613 1267 1680 losa

14 1793 15 1816 ,
131 1727 341 1794 Serenissimi
365 1724 582 1810 Imperatoris
600 1731 634 1791 et
653 1725 686 1788 in
704 1721 902 1802 Orovatiam,
919 1721 1177 1806 depopulatique
1193 1727 1269 1788 sunt

14 1835 17 1852 '
131 1835 243 1901 omnia
268 1833 327 1902 illa
351 1832 529 1913 territoria,
555 1833 748 1918 spoliarunt,
774 1835 1025 1913 everteruntque
1053 1831 1177 1914 templa
1192 1827 1267 1908 Dei,

129 1945 364 2028 ingentemque
396 1944 563 2008 hominum
598 1949 750 2024 stragem,
785 1939 987 2025 predamque
1020 1940 1211 2022 animarum,
1235 1947 1267 2006 et

14 2069 16 2074 ·
128 2073 322 2135 pecororum
346 2049 501 2130 feserunt,
526 2057 559 2114 et
587 2049 717 2115 demum
742 2049 853 2114 omnia
878 2049 961 2131 igne,
989 2047 1142 2131 terreque
1158 2053 1267 2115 vasta·

14 2209 16 2224 ε
129 2167 228 2240 runt;
246 2165 278 2224 et
295 2157 455 2243 quomodo
470 2161 605 2242 propter
621 2179 756 2242 parvam
772 2157 917 2222 locorum
928 2153 1117 2222 distantiam
1133 2177 1265 2240 magno·

129 2291 210 2352 pere
232 2267 410 2334 timendum
436 2273 495 2350 est,
512 2267 601 2350 quod
618 2266 698 2332 dieti
716 2267 818 2332 Turoi
842 2267 876 2332 in
902 2265 1103 2350 provinciam
1121 2269 1266 2330 nostram

14 2431 15 2456 ᾗ
129 2375 241 2460 Istrie,
274 2383 307 2443 et
336 2377 411 2444 inde
443 2377 476 2442 in
508 2377 650 2461 patriam
691 2381 835 2442 nostram
875 2372 1056 2460 Feri-Julij
1090 2374 1265 2440 transitum

13 2547 15 2580 r
129 2485 270 2564 faeiant3
288 2483 374 2570 quod
391 2489 551 2568 quantum
568 2481 704 2568 periculi
720 2483 821 2550 statui
838 2489 949 2548 nostro
967 2481 1170 2566 importaret,
1185 2481 1265 2550 satis

13 2587 14 2590 ’
128 2589 280 2656 omnibus
297 2597 421 2656 eertum
439 2597 496 2655 est.
512 2588 655 2656 Necesse
672 2589 802 2655 omnino
820 2596 869 2654 est
889 2589 1083 2655 subitariam
1099 2596 1133 2655 et
1148 2613 1265 2676 oppor-

13 2711 15 2766 ζ
129 2703 244 2764 tunam
260 2696 475 2782 provisionem
492 2697 611 2781 iacere,
627 2696 781 2762 mittendi
797 2697 923 2781 equites
934 2703 967 2762 et
986 2697 1112 2782 pedites
1128 2698 1162 2764 iu
1179 2697 1264 2765 bono

130 2813 165 2872 et
182 2805 356 2872 sufficienti
383 2825 517 2870 numero
543 2803 586 2870 ed
611 2804 755 2888 patriam
780 2811 927 2870 nostrum
952 2805 1142 2888 predictam,
1167 2813 1204 2872 ut
1219 2806 1265 2872 ibi

130 2913 241 2997 parati
258 2919 289 2978 et
306 2913 467 2998 expedisti
485 2914 559 2994 siut,
574 2911 778 2978 venientibus
795 2912 974 2996 Tu1·ois,ut
999 2913 1119 2980 dietum
1146 2919 1205 2996 est,
1222 2915 1265 2982 ad

13 3087 15 3094 ,
129 3021 363 3103 defensionem,
379 3023 517 3088 salutem
534 3029 566 3088 et
582 3023 861 3090 conservationem
877 3023 1018 3089 omnium
1034 3022 1166 3090 illorum
1181 3023 1263 3090 loeo-

127 3151 200 3194 rum
218 3129 470 3196 atsubditorum
488 3136 871 3216 nostrorum‚p1·opterea
888 3129 978 3200 vadit
992 3153 1086 3216 pars:

236 3254 434 3339 Magnificus
459 3255 649 3322 Conductor
675 3263 786 3322 noster
804 3254 845 3322 D.
862 3255 1054 3342 Deiphebus
1080 3257 1120 3325 de
1138 3258 1263 3345 Angui-

121 3363 198 3428 lara
206 3411 483 3429 .......
514 3361 548 3447 (a
565 3363 676 3430 sriauli
701 3365 862 3433 velenozei
889 3365 1052 3452 hsdsereg
1076 3365 1263 3453 fdparancs·

13 3535 14 3544 ,
122 3471 252 3539 nokava
267 3470 478 3557 neveztetik.)

236 3634 394 3696 (Velsnanei
407 3634 588 3701 illamkdnyv
603 3641 645 3688 25.
659 3637 679 3697 l)

614 3925 774 3932 --—-——
