3336 5258
348 317 417 382 424
704 336 939 418 nunonsonmr
956 325 1125 385 nunnae.

350 513 499 571 nostrum
523 503 722 585 provisorem
747 501 781 564 in
812 483 1033 565 defensionem
1067 499 1172 565 insule
1201 502 1337 585 antique
1367 510 1478 570 nostre

346 610 598 699 jurisdictionis3
637 614 670 674 et
696 608 771 673 binc
795 615 938 692 arguant
969 607 1217 690 dubitationem,
1242 617 1301 676 aut
1330 612 1479 677 timorem

352 722 495 806 aliquem
511 723 659 783 nostrum
676 715 716 782 de
733 737 786 798 se;
808 722 923 801 postea
949 737 1147 801 prosequere
1167 717 1375 804 declarando,
1392 719 1481 803 quod

350 851 416 895 non
432 827 586 894 obstante
602 826 662 892 tali
678 824 767 891 facta
783 827 816 891 in
832 825 930 892 rebus
955 826 1137 891 mutatione
1153 832 1228 911 post
1244 833 1338 893 tuum
1354 851 1375 894 a
1390 828 1484 895 nobis

351 939 547 1018 discessum
563 937 712 1002 volumus
736 933 947 1000 nibilominus
963 955 1038 999 nos:
1056 939 1093 998 ut
1108 941 1280 1019 postquam
1306 937 1340 1002 in
1365 939 1485 1004 itinere

350 1046 576 1133 reperiebatis,
592 1047 808 1128 prosequutus
819 1044 863 1108 sis
879 1043 985 1128 ipsum
1001 1043 1066 1108 iter
1082 1049 1174 1109 tuum
1189 1045 1232 1110 ad
1248 1045 1389 1130 Regiam
1405 1045 1487 1113 Sub-

352 1155 525 1221 limitatam
541 1158 574 1218 et
590 1174 660 1220 eam
677 1151 789 1218 visites
806 1157 839 1216 et
853 1151 991 1217 honores
1007 1156 1121 1218 nostro
1136 1152 1275 1235 nomine,
1292 1159 1326 1218 et
1340 1155 1382 1225 de
1397 1175 1487 1220 reon·

354 1268 471 1349 perata
486 1259 674 1327 valetudine
690 1281 751 1324 sua
767 1257 1013 1342 congratuleris.
1032 1260 1078 1325 Et
1093 1260 1212 1325 circam
1229 1258 1371 1344 Veglam
1388 1263 1488 1329 etiam

352 1369 500 1438 declares
517 1368 778 1452 antiquissimum
802 1368 857 1454 jus
877 1371 1036 1450 nostrum,
1053 1366 1142 1449 quod
1167 1373 1217 1433 est
1242 1369 1360 1436 directi
1375 1370 1488 1437 Domi-

352 1481 407 1565 nij‚
432 1499 529 1562 super
554 1496 617 1560 quo
643 1475 717 1542 dari
741 1475 802 1542 tibi
824 1475 980 1559 jussimus
1006 1474 1083 1542 illas
1100 1474 1355 1562 informationes,
1374 1483 1487 1562 quein

353 1587 569 1654 monumentis
580 1583 784 1652 Cancellarie
800 1590 910 1650 nostre
926 1583 1141 1668 reperiuntur,
1151 1591 1188 1651 ut
1203 1585 1279 1653 inde
1294 1586 1407 1652 aurias
1423 1593 1486 1652 tes·

352 1696 561 1763 tificationem
587 1701 621 1760 et
645 1691 926 1760 confirmationem
950 1699 1108 1778 perpetue
1133 1700 1245 1760 nostre
1277 1695 1311 1760 io
1336 1695 1486 1780 predicto

349 1808 424 1891 jure
450 1802 676 1888 possessionis,
691 1802 734 1868 ab
761 1823 825 1885 quo
850 1803 1011 1886 provenit,
1037 1807 1074 1867 ut
1090 1799 1209 1868 Comes
1225 1801 1373 1870 Joannes
1398 1803 1488 1871 sacta

353 1911 600 1980 cumfratribus
625 1917 660 1976 et
684 1909 856 1994 nepotibus
881 1910 961 1976 aviti
988 1915 1022 1974 et
1046 1911 1174 1995 paterni
1200 1917 1305 1977 status
1328 1912 1487 1979 diuisione

353 2045 425 2096 cnm
446 2022 511 2095 sibi
539 2021 573 2086 in
599 2041 690 2086 suam
715 2019 906 2104 contigisset
933 2021 1116 2104 portionem
1140 2019 1249 2086 insula
1273 2019 1435 2106 predicta,
1451 2029 1487 2087 ut

353 2137 426 2196 erat
441 2131 472 2195 in
490 2131 620 2195 comuni
645 2150 717 2194 cum
741 2127 899 2195 fratribus
915 2148 976 2211 pro
999 2128 1073 2212 ipsa
1089 2129 1198 2194 insula
1215 2128 1367 2195 subditus
1382 2137 1416 2196 et
1439 2135 1487 2196 rei

353 2236 599 2305 commendatus
623 2241 735 2303 noster
760 2257 831 2302 sese
855 2241 961 2301 totum
980 2236 1015 2301 in
1031 2235 1224 2322 particularj
1253 2243 1374 2321 nostre,
1390 2246 1424 2304 et
1446 2238 1487 2304 de

353 2350 482 2430 integro
499 2345 669 2430 supposuit
685 2344 901 2429 protectioni3
927 2349 961 2410 et
985 2366 1024 2409 ex
1050 2343 1154 2410 forma
1173 2345 1382 2412 instrumenti
1405 2347 1489 2412 divi-

353 2457 453 2523 sionis
469 2453 624 2538 prediote,
635 2453 725 2538 cujus
742 2453 925 2536 exemplum
939 2452 981 2517 ad
991 2459 1023 2518 te
1033 2453 1179 2518 misimus
1190 2476 1196 2516 :
1208 2452 1372 2538 intelliges
1388 2455 1486 2520 etiam

355 2565 417 2631 hoc
440 2585 504 2630 non
529 2561 758 2647 negligendum
784 2561 912 2644 signum
944 2565 1055 2625 nostre
1082 2559 1320 2644 jurisdictionis
1350 2563 1385 2628 in
1417 2563 1489 2647 ipsa

354 2673 469 2756 insula,
485 2672 572 2756 quod
595 2692 708 2737 omnes
721 2670 860 2754 predicti
875 2668 995 2736 iratres
1011 2669 1211 2754 promittunt
1226 2668 1488 2736 observationem

353 2787 583 2847 conventorum
600 2777 659 2845 sub
675 2799 761 2862 pena
777 2777 968 2862 pecuniaria
983 2775 1120 2845 (lamere
1144 2787 1255 2847 nostre
1281 2779 1488 2866 applicanda,

353 2889 461 2973 utqui
478 2888 649 2954 certissimi
677 2893 771 2954 erant
795 2907 854 2953 nos
881 2908 951 2952 esse
976 2885 1136 2954 dirrectos
1156 2893 1189 2954 et
1204 2889 1358 2974 antiquos
1374 2886 1488 2955 Domi-

354 3020 413 3065 nus
435 2997 540 3064 insule
557 2993 741 3074 antedicte;
756 2997 833 3078 post
847 2999 956 3060 autem
982 2993 1083 3059 talem
1099 3000 1208 3060 actum
1233 2999 1267 3060 ot
1290 2995 1490 3061 transactio·
1539 3073 1541 3076 v

355 3128 427 3172 nem
443 3107 529 3170 inter
545 3125 601 3170 eos
616 3103 737 3169 iactam
763 3108 873 3168 secuta
898 3110 948 3168 est
971 3108 1139 3186 postrema
1162 3103 1342 3189 recognitio
1365 3108 1399 3168 et
1415 3103 1490 3170 sub·

352 3213 453 3298 jectio
471 3209 616 3298 ejusdem
633 3207 773 3277 Comitis
789 3210 815 3277 J
816 3209 940 3291 oannis,
957 3209 1124 3294 soliusque
1140 3210 1231 3294 prius
1257 3216 1329 3277 erat
1344 3213 1490 3278 omnium

355 3321 496 3387 fratrum
525 3317 755 3404 predictorum,
781 3315 870 3402 quod
901 3317 1040 3383 insulam
1071 3317 1272 3384 antedictam
1304 3325 1337 3385 et
1362 3320 1489 3385 cunctis

353 3430 473 3494 nostris
504 3427 620 3494 insulis
646 3435 680 3494 et
703 3428 784 3494 locis
819 3426 863 3493 ad
889 3448 1028 3512 quorum
1053 3425 1235 3493 custodiam
1263 3427 1490 3512 reperiebatur

354 3541 502 3623 provisor
518 3543 626 3604 nomer
641 3538 763 3620 classis,
779 3536 1004 3605 dubitantibus
1015 3534 1061 3623 (Ρ)
1078 3537 1172 3604 Idem
1190 3534 1344 3605 Provis'or
1358 3539 1437 3604 illuc
1454 3559 1490 3606 se

355 3649 503 3727 contulit,
520 3654 554 3714 et
577 3647 673 3713 bonis
698 3653 798 3731 atque
823 3646 1051 3713 amicabilibus
1068 3646 1174 3713 verbis
1200 3668 1299 3732 agere
1319 3669 1392 3712 cum
1417 3649 1489 3731 ipso

355 3757 485 3842 incepit,
501 3761 538 3822 ut
553 3755 597 3822 ab
612 3757 854 3840 oppugnatione
870 3755 961 3822 urbis
977 3755 1143 3841 supposita
1159 3777 1236 3822 cure
1250 3778 1306 3823 sue
1322 3779 1364 3824 ex
1379 3755 1489 3822 officio

356 3872 390 3932 et
406 3886 540 3932 munere
566 3886 624 3930 suo
650 3885 684 3928 se
710 3864 907 3946 abstineret;
925 3871 959 3930 et
985 3887 1044 3932 nos
1068 3871 1202 3950 accepto
1227 3865 1305 3932 talis
1332 3867 1491 3934 novitatis

354 3974 470 4039 nuntio
500 3994 559 4057 per
589 3994 689 4038 unum
719 3979 865 4039 nostrum
892 3971 1123 4058 Secretarium,
1148 3995 1245 4057 quem
1276 3973 1320 4040 ad
1351 3975 1489 4041 eundem

355 4083 465 4150 Maier
480 4082 561 4148 Blas
577 4104 595 4148 e
614 4082 751 4165 vestigio
768 4082 969 4162 miseramus,
986 4089 1018 4148 et
1047 4081 1184 4149 ulterius
1201 4081 1244 4149 ad
1260 4083 1401 4167 Regiam
1416 4083 1490 4150 Ma-

351 4193 506 4275 jestatem
529 4192 731 4277 jusseramus
755 4190 882 4276 profici,
906 4191 989 4258 illud
1014 4189 1100 4258 idem
1128 4192 1335 4276 quesivimus.
1366 4191 1491 4259 Postea

356 4300 541 4386 expeditum
553 4299 624 4384 jam
636 4299 854 4385 Capitoneum
871 4307 1018 4366 nostrum
1036 4300 1224 4385 generalem
1241 4302 1342 4368 maris
1358 4301 1402 4368 ad
1419 4323 1491 4369 cus·

356 4409 479 4475 todiam
508 4410 650 4491 orientis,
666 4407 808 4492 Veglam
824 4409 943 4474 diverti
967 4409 1133 4492 jussimus,
1156 4432 1214 4494 per
1239 4411 1329 4495 cujus
1354 4431 1490 4494 operam

357 4523 389 4592 et
405 4517 545 4593 medium
562 4519 730 4612 negotium
746 4517 927 4612 predictum
944 4518 1033 4592 illum
1056 4517 1173 4592 babuit
1188 4521 1319 4600 exitum,
1336 4541 1432 4610 quem
1449 4540 1489 4590 ex
