3356 5266
684 401 778 464 1469.
1252 371 1293 466 9'7

161 597 246 660 quas
260 576 395 655 iaciunt,
410 576 606 658 penitusque
623 576 656 640 in
671 577 740 644 dies
763 575 884 642 facturi
908 583 992 658 sunt,
1017 578 1079 643 nisi
1106 580 1292 660 resistatur,

155 684 315 767 quamde
332 705 483 748 succursu
509 685 570 768 ipsi
596 681 718 750 Oomiti
734 685 853 766 dando,
869 692 905 750 ut
929 687 1157 770 principaliter
1182 687 1294 753 civita-

154 799 230 856 tem
244 793 411 858 Modrusie
427 797 520 856 tante
544 793 755 876 importantia
780 801 813 859 et
836 796 1005 878 momenti,
1032 802 1157 878 quanta
1182 817 1295 862 narra-

153 907 225 982 tur,
241 902 346 966 valeat
362 898 546 980 defendere,
563 907 597 966 et
612 923 813 983 conservare,
839 909 872 967 et
889 902 929 968 de
955 901 1185 984 oblationibus,
1211 923 1293 986 quas

154 1008 202 1072 de
227 1029 364 1091 persona
391 1015 424 1072 et
448 1007 608 1094 gentibus,
633 1030 714 1092 quas
739 1031 799 1093 pro
813 1008 1030 1075 facultatibus
1047 1031 1156 1075 secum
1172 1011 1294 1078 habere

154 1123 280 1200 potest,
295 1115 548 1199 respondeatur:

269 1223 500 1290 Gratissimum
517 1225 610 1290 nobis
625 1224 725 1292 fuisse
741 1227 884 1308 ipsorum
910 1222 1089 1292 Oraturum
1115 1226 1289 1292 adventum

155 1333 205 1398 ad
222 1355 279 1399 nos
296 1341 329 1399 11
345 1334 418 1398 11111
433 1333 570 1398 multum
587 1333 727 1399 libenter
743 1333 904 1400 audivisse
931 1341 965 1400 et
991 1334 1198 1414 intellexisse,
1224 1356 1291 1402 non

149 1443 227 1525 jam
243 1442 283 1506 ob
300 1441 471 1506 materiam
488 1447 521 1504 et
536 1461 676 1520 causam,
692 1441 833 1525 obquam
851 1449 1007 1508 venerunt
1022 1443 1192 1508 molestam
1213 1463 1294 1523 esse,

156 1557 194 1614 et
211 1550 372 1628 infestam,
388 1554 509 1632 quanto
526 1549 598 1630 plus
615 1571 686 1614 esse
702 1556 820 1632 posset,
838 1549 895 1614 sed
910 1557 1062 1633 respectu
1072 1571 1209 1635 persone
1224 1550 1291 1616 Do-

158 1659 242 1723 mini
258 1679 377 1737 corum,
394 1675 491 1737 quem
507 1656 556 1720 uti
576 1655 679 1722 filium
705 1657 889 1742 diligimus3
916 1664 949 1722 11
975 1657 1139 1740 quomodo
1166 1658 1292 1724 deside·

158 1774 273 1832 rantes
289 1787 348 1829 nos
364 1765 641 1829 conservationem
658 1771 764 1830 status
780 1765 838 1842 sui,
867 1785 932 1830 non
958 1786 1049 1831 secus
1075 1787 1115 1832 ac
1139 1765 1295 1831 debemus

160 1897 226 1958 pro
241 1881 354 1938 nostra
370 1873 403 1936 in
420 1871 512 1936 illum
529 1879 563 1936 11
579 1871 698 1937 1111111
715 1894 826 1939 eorum
853 1881 991 1956 paterna
1011 1873 1233 1940 benivolentia
1257 1873 1295 1938 11-

162 1982 350 2048 bentissime
368 1979 549 2044 audivimus
565 1978 634 2043 vias
651 1985 683 2042 11
699 1979 812 2044 modos
830 1979 871 2044 ab
897 1981 943 2044 eis
964 1983 1148 2064 propositos
1172 1989 1207 2048 et
1231 2001 1296 2046 me-

164 2097 311 2156 moratos
326 2086 510 2173 hujusmodi
526 2088 790 2154 conservationis.
807 2089 854 2153 Et
869 2089 998 2154 mittere
1015 2087 1158 2172 Segnam
1174 2088 1295 2154 delibe-

164 2219 279 2264 ramus
303 2217 403 2262 unum
430 2194 607 2262 Oratorem
633 2201 787 2280 nostrum,
822 2198 975 2277 quicum
1002 2197 1073 2280 ipso
1104 2195 1232 2263 Gemite
1264 2205 1297 2262 11

166 2303 326 2371 fratribus
365 2323 435 2367 esse
476 2301 604 2381 debeat,
644 2306 677 2365 11
717 2301 796 2368 data
830 2304 951 2369 noticia
992 2307 1214 2390 suprascripto
1254 2305 1323 2372 It,

167 2414 310 2479 Domino
354 2411 519 2493 Episcopo
564 2414 623 2474 aut
657 2431 764 2475 secum
805 2412 994 2492 conveniat,
1029 2417 1087 2476 aut
1120 2434 1193 2478 cum
1227 2413 1297 2498 ejus

167 2520 373 2602 Oratoribus
398 2526 431 2583 11
457 2517 497 2581 de
527 2514 679 2582 facienda
704 2539 776 2584 cum
801 2518 841 2584 R.
867 2517 1073 2584 Paterintete
1100 2541 1159 2584 sua
1183 2525 1296 2586 nostro

166 2632 297 2696 nomine
329 2626 553 2710 intelligentia,
578 2623 683 2708 deque
715 2625 908 2692 adhibendis
937 2627 1088 2712 remedijs
1119 2627 1162 2692 ad
1188 2634 1297 2694 retun-

167 2741 318 2817 dendam,
349 2734 654 2820 reprimendamque
690 2734 833 2800 hostium
858 2735 993 2818 rabiem,
1019 2743 1053 2801 et
1078 2743 1146 2802 tam
1170 2758 1298 2822 vagam,

167 2865 377 2928 securamque
412 2841 499 2906 illius
530 2841 773 2924 populationem
800 2843 952 2926 loquatur
982 2851 1016 2908 11
1047 2847 1188 2924 1111111,
1219 2865 1297 2927 quo·

168 2957 265 3022 modo
296 2949 467 3034 dispositio
498 2953 609 3012 nostra
641 2955 689 3014 111
721 2950 830 3014 omnia
870 2948 995 3032 iacere,
1036 2972 1098 3034 que
1129 2951 1297 3035 possibilia

168 3068 234 3131 sint
264 3081 322 3146 pro
354 3055 520 3124 commodo
552 3057 694 3120 omnium
719 3057 969 3126 christianorum
995 3065 1029 3124 et
1052 3059 1137 3124 inter
1161 3067 1297 3140 eeteros,

168 3181 287 3254 status,
315 3186 487 3247 rerumque
512 3165 654 3247 ipsorum
682 3163 855 3244 Comitum,
879 3187 941 3250 qne
966 3167 1109 3250 periculo
1125 3169 1299 3251 proximio-

167 3303 221 3346 res
236 3285 311 3344 sunt
326 3272 608 3358 inpresentiarum.
625 3271 753 3339 Poterit
768 3274 868 3356 igitur
885 3274 971 3339 idem
997 3271 1114 3342 Comes
1141 3273 1295 3342 Stefanus

168 3387 301 3454 interim
318 3383 398 3450 dare
412 3379 567 3446 noticiam
583 3379 687 3444 eidem
704 3379 743 3445 R.
769 3381 910 3446 Domino
934 3380 1099 3466 Episcopo
1125 3381 1164 3447 de
1190 3381 1298 3467 hujus-

167 3495 257 3563 modi
281 3497 395 3558 nostra
419 3485 638 3570 dispositione,
664 3492 698 3552 et
722 3509 831 3556 secum
855 3490 904 3554 ita
930 3509 964 3553 11
990 3490 1182 3573 intelligere,
1209 3491 1296 3576 quod

167 3604 354 3690 applicante
380 3596 519 3682 Segnam
545 3600 674 3660 oratore
700 3605 813 3664 nostro
839 3596 997 3680 predicto,
1022 3600 1078 3682 qui
1098 3598 1205 3665 subito
1222 3585 1306 3664 hinc⁴

74 3769 77 3772 .
167 3710 324 3790 discedet,
341 3713 398 3774 aut
414 3727 486 3770 cum
501 3703 542 3770 R.
558 3701 766 3770 Paternitate
782 3727 850 3784 sua,
867 3713 924 3770 aut
949 3727 1020 3770 cum
1045 3706 1132 3771 illius
1158 3707 1298 3773 oratori-

167 3822 229 3886 bus
244 3821 278 3884 in
294 3817 365 3882 loco
381 3812 533 3880 comodos
549 3832 663 3877 securo
679 3813 848 3878 convenire
864 3821 982 3896 posset.

276 3925 328 3990 De
344 3921 515 3990 Modrusia
530 3925 563 3984 11
579 3920 655 4004 elijs
671 3920 768 3986 rebus
789 3918 832 3986 ad
847 3922 1021 3986 materiam
1046 3921 1297 4004 pertinentibus

167 4035 318 4101 dabimus
343 4032 444 4095 etiam
468 4027 626 4094 mandata
652 4027 756 4094 eidem
783 4028 884 4092 nostri
910 4023 1046 4092 Oratori
1071 4028 1197 4092 essendi
1223 4050 1297 4094 cum

165 4149 239 4228 ipso
266 4141 393 4206 Gemite
419 4135 554 4204 Stefano
581 4142 613 4199 et
638 4135 807 4220 fratribus,
832 4144 865 4201 11
891 4157 998 4202 secum
1023 4135 1181 4218 loquendi
1198 4157 1296 4220 super

167 4248 354 4337 hujusmodi
370 4247 468 4313 rebus
484 4267 543 4330 pro
561 4245 758 4313 deveniendo
774 4245 817 4312 ad
833 4245 1071 4312 conclusionem
1095 4251 1128 4309 et
1152 4244 1298 4312 remedia

167 4368 363 4446 opportuna.
379 4359 425 4424 nt
441 4363 533 4422 certa
548 4355 592 4420 sit
607 4353 856 4438 Magnificentia
880 4376 948 4438 sna,
965 4353 1052 4438 quod
1076 4375 1136 4440 pro
1147 4361 1238 4420 statu
1264 4361 1298 4418 et

167 4471 265 4536 rebus
281 4468 348 4534 suis
363 4465 527 4544 faciemus,
544 4466 702 4545 quantum
718 4483 779 4546 pro
796 4469 884 4528 statu
901 4469 933 4527 11
958 4461 1054 4528 rebus
1079 4461 1198 4528 nostris
1223 4483 1298 4547 pro-

168 4577 253 4660 prijs
268 4577 348 4641 moti
364 4575 406 4640 ab
422 4571 600 4639 universali
616 4568 787 4636 affectione
804 4577 916 4636 nostra
932 4590 1132 4654 ergaomnes
1150 4568 1298 4634 christia·

216 4712 318 4749 uorum.
335 4711 417 4748 1111111.
433 4711 501 4746 urar.
517 4717 560 4731 --
577 4705 646 4741 acra
659 4707 721 4742 nxr.
736 4705 761 4742 v.
1176 4699 1190 4748 7
