<?xml version="1.0" encoding="UTF-8"?>
<!DOCTYPE html PUBLIC "-//W3C//DTD XHTML 1.0 Transitional//EN"
    "http://www.w3.org/TR/xhtml1/DTD/xhtml1-transitional.dtd">
<html xmlns="http://www.w3.org/1999/xhtml" xml:lang="en" lang="en">
 <head>
  <title>
</title>
<meta http-equiv="Content-Type" content="text/html;charset=utf-8" />
  <meta name='ocr-system' content='tesseract 3.04.00' />
  <meta name='ocr-capabilities' content='ocr_page ocr_carea ocr_par ocr_line ocrx_word'/>
</head>
<body>
  <div class='ocr_page' id='page_1' title='image "./magyardiplomacz00mattgoog_0072.png"; bbox 0 0 3334 5276; ppageno 0'>
   <div class='ocr_carea' id='block_1_1' title="bbox 653 359 1413 452">
    <p class='ocr_par' dir='ltr' id='par_1_1' title="bbox 653 359 1413 452">
     <span class='ocr_line' id='line_1_1' title="bbox 653 359 1413 452; baseline 0.025 -6"><span class='ocrx_word' id='word_1_1' title='bbox 653 382 769 452; x_wconf 73' lang='grc'><strong>3433.</strong></span> <span class='ocrx_word' id='word_1_2' title='bbox 1241 381 1281 444; x_wconf 76' lang='grc'><strong>31</strong></span> <span class='ocrx_word' id='word_1_3' title='bbox 1407 359 1413 364; x_wconf 68' lang='grc'><strong>’</strong></span> 
     </span>
    </p>
   </div>
   <div class='ocr_carea' id='block_1_2' title="bbox 143 559 1378 4230">
    <p class='ocr_par' dir='ltr' id='par_1_2' title="bbox 143 559 1378 3983">
     <span class='ocr_line' id='line_1_2' title="bbox 259 559 1285 649; baseline -0.002 -18"><span class='ocrx_word' id='word_1_4' title='bbox 259 563 324 649; x_wconf 81' lang='lat' dir='ltr'><strong>Ogi</strong></span> <span class='ocrx_word' id='word_1_5' title='bbox 340 585 420 632; x_wconf 87' lang='grc'><strong>3333</strong></span> <span class='ocrx_word' id='word_1_6' title='bbox 436 571 522 631; x_wconf 81' lang='lat' dir='ltr'>stetu</span> <span class='ocrx_word' id='word_1_7' title='bbox 543 562 586 629; x_wconf 79' lang='lat' dir='ltr'>de</span> <span class='ocrx_word' id='word_1_8' title='bbox 602 562 776 647; x_wconf 71' lang='lat' dir='ltr'>lo&#39;Leguto</span> <span class='ocrx_word' id='word_1_9' title='bbox 792 569 826 627; x_wconf 87' lang='lat' dir='ltr'>et</span> <span class='ocrx_word' id='word_1_10' title='bbox 840 567 895 628; x_wconf 84' lang='lat' dir='ltr'>tre</span> <span class='ocrx_word' id='word_1_11' title='bbox 910 560 935 626; x_wconf 92' lang='lat' dir='ltr'><strong>li</strong></span> <span class='ocrx_word' id='word_1_12' title='bbox 951 559 1031 628; x_wconf 77' lang='lat' dir='ltr'>altri</span> <span class='ocrx_word' id='word_1_13' title='bbox 1057 563 1285 631; x_wconf 80' lang='lat' dir='ltr'>re&#39;xonamenti</span> 
     </span>
     <span class='ocr_line' id='line_1_3' title="bbox 150 669 1288 756; baseline -0.003 -16"><span class='ocrx_word' id='word_1_14' title='bbox 150 697 203 742; x_wconf 86' lang='lat' dir='ltr'>me</span> <span class='ocrx_word' id='word_1_15' title='bbox 224 674 273 741; x_wconf 79' lang='grc'><strong>133</strong></span> <span class='ocrx_word' id='word_1_16' title='bbox 289 672 385 754; x_wconf 87' lang='lat' dir='ltr'>dieto,</span> <span class='ocrx_word' id='word_1_17' title='bbox 410 671 470 739; x_wconf 82' lang='lat' dir='ltr'>ohe</span> <span class='ocrx_word' id='word_1_18' title='bbox 494 671 595 738; x_wconf 86' lang='lat' dir='ltr'>molto</span> <span class='ocrx_word' id='word_1_19' title='bbox 613 674 641 739; x_wconf 93' lang='grc'><strong>31</strong></span> <span class='ocrx_word' id='word_1_20' title='bbox 655 671 857 756; x_wconf 80' lang='lat' dir='ltr'>muravigliu,</span> <span class='ocrx_word' id='word_1_21' title='bbox 884 669 943 736; x_wconf 86' lang='lat' dir='ltr'>che</span> <span class='ocrx_word' id='word_1_22' title='bbox 967 675 1039 738; x_wconf 88' lang='lat' dir='ltr'>tute</span> <span class='ocrx_word' id='word_1_23' title='bbox 1058 671 1089 737; x_wconf 86' lang='lat' dir='ltr'>le</span> <span class='ocrx_word' id='word_1_24' title='bbox 1106 670 1190 738; x_wconf 83' lang='grc'><strong>31133</strong></span> <span class='ocrx_word' id='word_1_25' title='bbox 1207 669 1288 737; x_wconf 85' lang='grc' dir='ltr'><strong>Ρ31-</strong></span> 
     </span>
     <span class='ocr_line' id='line_1_4' title="bbox 148 780 1378 865; baseline -0.001 -17"><span class='ocrx_word' id='word_1_26' title='bbox 148 783 254 848; x_wconf 87' lang='grc'><strong>133113</strong></span> <span class='ocrx_word' id='word_1_27' title='bbox 270 780 391 848; x_wconf 85' lang='grc'><strong>1131133</strong></span> <span class='ocrx_word' id='word_1_28' title='bbox 406 783 500 846; x_wconf 79' lang='lat' dir='ltr'>hune</span> <span class='ocrx_word' id='word_1_29' title='bbox 518 781 561 846; x_wconf 89' lang='lat' dir='ltr'><strong>ho</strong></span> <span class='ocrx_word' id='word_1_30' title='bbox 586 780 777 865; x_wconf 70' lang='grc'><strong>3331313133</strong></span> <span class='ocrx_word' id='word_1_31' title='bbox 803 780 959 846; x_wconf 80' lang='grc'><strong>33331313</strong></span> <span class='ocrx_word' id='word_1_32' title='bbox 980 787 1238 864; x_wconf 84' lang='lat' dir='ltr'>expressemente</span> <span class='ocrx_word' id='word_1_33' title='bbox 1254 781 1288 847; x_wconf 85' lang='grc'><strong>13</strong></span> <span class='ocrx_word' id='word_1_34' title='bbox 1375 805 1378 813; x_wconf 92' lang='grc'><em>·</em></span> 
     </span>
     <span class='ocr_line' id='line_1_5' title="bbox 149 887 1292 974; baseline -0.003 -18"><span class='ocrx_word' id='word_1_35' title='bbox 149 911 251 972; x_wconf 79' lang='lat' dir='ltr'>sumu,</span> <span class='ocrx_word' id='word_1_36' title='bbox 280 887 340 953; x_wconf 84' lang='lat' dir='ltr'>ohe</span> <span class='ocrx_word' id='word_1_37' title='bbox 355 889 507 974; x_wconf 80' lang='lat' dir='ltr'>veglieno</span> <span class='ocrx_word' id='word_1_38' title='bbox 532 893 566 953; x_wconf 86' lang='lat' dir='ltr'>et</span> <span class='ocrx_word' id='word_1_39' title='bbox 589 908 728 972; x_wconf 81' lang='lat' dir='ltr'>pessuno</span> <span class='ocrx_word' id='word_1_40' title='bbox 745 887 883 972; x_wconf 79' lang='lat' dir='ltr'>spendre</span> <span class='ocrx_word' id='word_1_41' title='bbox 899 889 933 952; x_wconf 92' lang='grc'><strong>13</strong></span> <span class='ocrx_word' id='word_1_42' title='bbox 950 893 1066 972; x_wconf 83' lang='lat' dir='ltr'>queste</span> <span class='ocrx_word' id='word_1_43' title='bbox 1091 889 1221 972; x_wconf 83' lang='lat' dir='ltr'>inpreea</span> <span class='ocrx_word' id='word_1_44' title='bbox 1237 887 1292 954; x_wconf 87' lang='lat' dir='ltr'>del</span> 
     </span>
     <span class='ocr_line' id='line_1_6' title="bbox 149 994 1288 1081; baseline -0.004 -17"><span class='ocrx_word' id='word_1_45' title='bbox 149 999 267 1065; x_wconf 88' lang='lat' dir='ltr'>turcho</span> <span class='ocrx_word' id='word_1_46' title='bbox 298 999 388 1064; x_wconf 78' lang='lat' dir='ltr'>selvo</span> <span class='ocrx_word' id='word_1_47' title='bbox 412 994 478 1066; x_wconf 66' lang='lat' dir='ltr'>ve</span> <span class='ocrx_word' id='word_1_48' title='bbox 503 995 715 1079; x_wconf 84' lang='lat' dir='ltr'>Celeitudine,</span> <span class='ocrx_word' id='word_1_49' title='bbox 741 997 799 1062; x_wconf 84' lang='lat' dir='ltr'>che</span> <span class='ocrx_word' id='word_1_50' title='bbox 815 1016 880 1062; x_wconf 93' lang='lat' dir='ltr'><strong>non</strong></span> <span class='ocrx_word' id='word_1_51' title='bbox 910 997 997 1062; x_wconf 80' lang='lat' dir='ltr'>hano</span> <span class='ocrx_word' id='word_1_52' title='bbox 1027 1017 1102 1081; x_wconf 80' lang='lat' dir='ltr'><strong>may</strong></span> <span class='ocrx_word' id='word_1_53' title='bbox 1133 1017 1288 1080; x_wconf 83' lang='lat' dir='ltr'>expresso</span> 
     </span>
     <span class='ocr_line' id='line_1_7' title="bbox 149 1101 1288 1190; baseline -0.002 -18"><span class='ocrx_word' id='word_1_54' title='bbox 149 1113 267 1188; x_wconf 83' lang='lat' dir='ltr'>mente,</span> <span class='ocrx_word' id='word_1_55' title='bbox 283 1113 440 1172; x_wconf 84' lang='lat' dir='ltr'>ettamen</span> <span class='ocrx_word' id='word_1_56' title='bbox 456 1105 482 1170; x_wconf 91' lang='lat' dir='ltr'><strong>li</strong></span> <span class='ocrx_word' id='word_1_57' title='bbox 497 1106 600 1171; x_wconf 83' lang='lat' dir='ltr'>vostri</span> <span class='ocrx_word' id='word_1_58' title='bbox 617 1104 856 1171; x_wconf 82' lang='lat' dir='ltr'>Ambessudori</span> <span class='ocrx_word' id='word_1_59' title='bbox 872 1103 915 1169; x_wconf 79' lang='lat' dir='ltr'><strong>du</strong></span> <span class='ocrx_word' id='word_1_60' title='bbox 930 1101 1040 1170; x_wconf 80' lang='lat' dir='ltr'><strong>Roma</strong></span> <span class='ocrx_word' id='word_1_61' title='bbox 1056 1103 1134 1170; x_wconf 78' lang='lat' dir='ltr'>suno</span> <span class='ocrx_word' id='word_1_62' title='bbox 1150 1106 1175 1170; x_wconf 97' lang='lat' dir='ltr'><strong>li</strong></span> <span class='ocrx_word' id='word_1_63' title='bbox 1191 1107 1288 1190; x_wconf 88' lang='lat' dir='ltr'>primi</span> 
     </span>
     <span class='ocr_line' id='line_1_8' title="bbox 151 1208 1288 1298; baseline 0 -18"><span class='ocrx_word' id='word_1_64' title='bbox 151 1237 172 1280; x_wconf 84' lang='grc'><strong>3</strong></span> <span class='ocrx_word' id='word_1_65' title='bbox 198 1213 394 1298; x_wconf 74' lang='lat' dir='ltr'>persuadere</span> <span class='ocrx_word' id='word_1_66' title='bbox 418 1235 440 1278; x_wconf 91' lang='grc'><strong>3</strong></span> <span class='ocrx_word' id='word_1_67' title='bbox 463 1220 576 1280; x_wconf 87' lang='grc'><strong>333133</strong></span> <span class='ocrx_word' id='word_1_68' title='bbox 601 1213 739 1298; x_wconf 83' lang='lat' dir='ltr'>Signore</span> <span class='ocrx_word' id='word_1_69' title='bbox 766 1214 797 1279; x_wconf 92' lang='lat' dir='ltr'><strong>lo</strong></span> <span class='ocrx_word' id='word_1_70' title='bbox 823 1213 927 1298; x_wconf 80' lang='lat' dir='ltr'><strong>Papa,</strong></span> <span class='ocrx_word' id='word_1_71' title='bbox 951 1213 1010 1278; x_wconf 85' lang='lat' dir='ltr'>che</span> <span class='ocrx_word' id='word_1_72' title='bbox 1035 1214 1163 1282; x_wconf 84' lang='grc'><strong>1331333</strong></span> <span class='ocrx_word' id='word_1_73' title='bbox 1187 1208 1288 1281; x_wconf 80' lang='grc'><strong>313113</strong></span> 
     </span>
     <span class='ocr_line' id='line_1_9' title="bbox 150 1317 1286 1406; baseline 0 -18"><span class='ocrx_word' id='word_1_74' title='bbox 150 1343 251 1404; x_wconf 81' lang='lat' dir='ltr'>cesse,</span> <span class='ocrx_word' id='word_1_75' title='bbox 267 1323 300 1388; x_wconf 88' lang='lat' dir='ltr'><strong>io</strong></span> <span class='ocrx_word' id='word_1_76' title='bbox 320 1322 345 1388; x_wconf 94' lang='lat' dir='ltr'><strong>li</strong></span> <span class='ocrx_word' id='word_1_77' title='bbox 369 1325 495 1406; x_wconf 85' lang='lat' dir='ltr'>risposi,</span> <span class='ocrx_word' id='word_1_78' title='bbox 512 1321 570 1386; x_wconf 77' lang='lat' dir='ltr'>elie</span> <span class='ocrx_word' id='word_1_79' title='bbox 586 1317 650 1390; x_wconf 86' lang='lat' dir='ltr'>V-e</span> <span class='ocrx_word' id='word_1_80' title='bbox 674 1321 878 1388; x_wconf 83' lang='lat' dir='ltr'>Excellentie</span> <span class='ocrx_word' id='word_1_81' title='bbox 904 1339 1020 1406; x_wconf 85' lang='lat' dir='ltr'>senpre</span> <span class='ocrx_word' id='word_1_82' title='bbox 1045 1323 1072 1389; x_wconf 86' lang='grc'><strong>31</strong></span> <span class='ocrx_word' id='word_1_83' title='bbox 1097 1322 1286 1390; x_wconf 78' lang='lat' dir='ltr'>trever-iuno</span> 
     </span>
     <span class='ocr_line' id='line_1_10' title="bbox 152 1429 1285 1516; baseline 0 -20"><span class='ocrx_word' id='word_1_84' title='bbox 152 1431 350 1514; x_wconf 81' lang='lat' dir='ltr'>eperiehiuti</span> <span class='ocrx_word' id='word_1_85' title='bbox 366 1429 454 1496; x_wconf 82' lang='grc'><strong>3133</strong></span> <span class='ocrx_word' id='word_1_86' title='bbox 470 1433 557 1496; x_wconf 90' lang='lat' dir='ltr'>omni</span> <span class='ocrx_word' id='word_1_87' title='bbox 573 1452 666 1496; x_wconf 88' lang='grc'><strong>33333</strong></span> <span class='ocrx_word' id='word_1_88' title='bbox 683 1430 846 1514; x_wconf 85' lang='lat' dir='ltr'>possibile,</span> <span class='ocrx_word' id='word_1_89' title='bbox 856 1432 955 1496; x_wconf 81' lang='lat' dir='ltr'>etiam</span> <span class='ocrx_word' id='word_1_90' title='bbox 971 1429 1111 1496; x_wconf 83' lang='grc'><strong>31133333</strong></span> <span class='ocrx_word' id='word_1_91' title='bbox 1127 1430 1285 1516; x_wconf 74' lang='lat' dir='ltr'><strong>alquanto</strong></span> 
     </span>
     <span class='ocr_line' id='line_1_11' title="bbox 150 1537 1286 1622; baseline 0.002 -20"><span class='ocrx_word' id='word_1_92' title='bbox 150 1538 183 1603; x_wconf 90' lang='lat' dir='ltr'><strong>lo</strong></span> <span class='ocrx_word' id='word_1_93' title='bbox 200 1537 363 1622; x_wconf 83' lang='lat' dir='ltr'>possibile,</span> <span class='ocrx_word' id='word_1_94' title='bbox 379 1559 470 1605; x_wconf 83' lang='lat' dir='ltr'><strong>como</strong></span> <span class='ocrx_word' id='word_1_95' title='bbox 486 1538 518 1602; x_wconf 91' lang='lat' dir='ltr'><strong>io</strong></span> <span class='ocrx_word' id='word_1_96' title='bbox 534 1537 559 1603; x_wconf 94' lang='lat' dir='ltr'><strong>li</strong></span> <span class='ocrx_word' id='word_1_97' title='bbox 584 1538 687 1604; x_wconf 81' lang='lat' dir='ltr'>havee</span> <span class='ocrx_word' id='word_1_98' title='bbox 712 1538 801 1602; x_wconf 86' lang='lat' dir='ltr'>dieto</span> <span class='ocrx_word' id='word_1_99' title='bbox 818 1537 862 1602; x_wconf 88' lang='grc'><strong>113</strong></span> <span class='ocrx_word' id='word_1_100' title='bbox 879 1539 1083 1622; x_wconf 71' lang='grc'><strong>3331331313,</strong></span> <span class='ocrx_word' id='word_1_101' title='bbox 1109 1537 1242 1622; x_wconf 77' lang='lat' dir='ltr'>quando</span> <span class='ocrx_word' id='word_1_102' title='bbox 1260 1539 1286 1604; x_wconf 92' lang='lat' dir='ltr'><strong>il</strong></span> 
     </span>
     <span class='ocr_line' id='line_1_12' title="bbox 152 1643 1284 1736; baseline 0.002 -26"><span class='ocrx_word' id='word_1_103' title='bbox 152 1647 254 1728; x_wconf 84' lang='lat' dir='ltr'>riene,</span> <span class='ocrx_word' id='word_1_104' title='bbox 278 1645 336 1712; x_wconf 81' lang='lat' dir='ltr'>elie</span> <span class='ocrx_word' id='word_1_105' title='bbox 362 1645 442 1712; x_wconf 81' lang='lat' dir='ltr'>l&#39;ere</span> <span class='ocrx_word' id='word_1_106' title='bbox 465 1645 528 1710; x_wconf 91' lang='lat' dir='ltr'>beu</span> <span class='ocrx_word' id='word_1_107' title='bbox 554 1667 640 1728; x_wconf 89' lang='lat' dir='ltr'>vero,</span> <span class='ocrx_word' id='word_1_108' title='bbox 657 1643 773 1736; x_wconf 70' lang='grc'><strong>3133]31</strong></span> <span class='ocrx_word' id='word_1_109' title='bbox 798 1648 942 1730; x_wconf 80' lang='lat' dir='ltr'><strong>presenti</strong></span> <span class='ocrx_word' id='word_1_110' title='bbox 958 1645 1023 1712; x_wconf 86' lang='lat' dir='ltr'>V·e</span> <span class='ocrx_word' id='word_1_111' title='bbox 1038 1645 1241 1714; x_wconf 78' lang='lat' dir='ltr'>Excellentie</span> <span class='ocrx_word' id='word_1_112' title='bbox 1256 1650 1284 1712; x_wconf 85' lang='lat' dir='ltr'><strong>si</strong></span> 
     </span>
     <span class='ocr_line' id='line_1_13' title="bbox 150 1751 1284 1822; baseline 0.004 -4"><span class='ocrx_word' id='word_1_113' title='bbox 150 1751 446 1820; x_wconf 77' lang='grc'><strong>133333333133113</strong></span> <span class='ocrx_word' id='word_1_114' title='bbox 477 1757 590 1821; x_wconf 83' lang='grc'><strong>3133311</strong></span> <span class='ocrx_word' id='word_1_115' title='bbox 607 1762 641 1820; x_wconf 87' lang='grc'><strong>31</strong></span> <span class='ocrx_word' id='word_1_116' title='bbox 659 1757 791 1820; x_wconf 77' lang='grc'><strong>3333311·</strong></span> <span class='ocrx_word' id='word_1_117' title='bbox 803 1753 842 1820; x_wconf 88' lang='lat' dir='ltr'>de</span> <span class='ocrx_word' id='word_1_118' title='bbox 859 1753 966 1820; x_wconf 83' lang='grc'><strong>(113331</strong></span> <span class='ocrx_word' id='word_1_119' title='bbox 982 1761 1015 1818; x_wconf 90' lang='grc'><strong>31</strong></span> <span class='ocrx_word' id='word_1_120' title='bbox 1030 1753 1090 1820; x_wconf 86' lang='lat' dir='ltr'>che</span> <span class='ocrx_word' id='word_1_121' title='bbox 1104 1761 1177 1822; x_wconf 84' lang='grc'><strong>1313</strong></span> <span class='ocrx_word' id='word_1_122' title='bbox 1194 1755 1284 1822; x_wconf 81' lang='lat' dir='ltr'>volte</span> 
     </span>
     <span class='ocr_line' id='line_1_14' title="bbox 146 1862 1281 1949; baseline 0.004 -23"><span class='ocrx_word' id='word_1_123' title='bbox 146 1862 316 1930; x_wconf 78' lang='lat' dir='ltr'>andaveno</span> <span class='ocrx_word' id='word_1_124' title='bbox 332 1864 534 1930; x_wconf 82' lang='lat' dir='ltr'>reconuando</span> <span class='ocrx_word' id='word_1_125' title='bbox 549 1864 580 1928; x_wconf 87' lang='lat' dir='ltr'>le</span> <span class='ocrx_word' id='word_1_126' title='bbox 597 1884 654 1929; x_wconf 89' lang='lat' dir='ltr'>sue</span> <span class='ocrx_word' id='word_1_127' title='bbox 671 1865 793 1929; x_wconf 79' lang='lat' dir='ltr'>intrate</span> <span class='ocrx_word' id='word_1_128' title='bbox 803 1870 837 1929; x_wconf 87' lang='lat' dir='ltr'>et</span> <span class='ocrx_word' id='word_1_129' title='bbox 845 1863 1036 1946; x_wconf 73' lang='lat' dir='ltr'>adaptando</span> <span class='ocrx_word' id='word_1_130' title='bbox 1052 1865 1083 1930; x_wconf 88' lang='lat' dir='ltr'>le</span> <span class='ocrx_word' id='word_1_131' title='bbox 1099 1885 1211 1949; x_wconf 85' lang='lat' dir='ltr'>epese;</span> <span class='ocrx_word' id='word_1_132' title='bbox 1228 1887 1281 1931; x_wconf 88' lang='lat' dir='ltr'>me</span> 
     </span>
     <span class='ocr_line' id='line_1_15' title="bbox 149 1969 1282 2056; baseline 0.004 -22"><span class='ocrx_word' id='word_1_133' title='bbox 149 1969 261 2036; x_wconf 79' lang='grc'><strong>313313</strong></span> <span class='ocrx_word' id='word_1_134' title='bbox 277 1991 335 2038; x_wconf 85' lang='grc'><strong>333</strong></span> <span class='ocrx_word' id='word_1_135' title='bbox 351 1969 505 2054; x_wconf 83' lang='lat' dir='ltr'>Signoria</span> <span class='ocrx_word' id='word_1_136' title='bbox 520 1971 688 2054; x_wconf 79' lang='lat' dir='ltr'>adaptessi</span> <span class='ocrx_word' id='word_1_137' title='bbox 714 1995 775 2056; x_wconf 87' lang='lat' dir='ltr'><strong>pur</strong></span> <span class='ocrx_word' id='word_1_138' title='bbox 791 1973 822 2037; x_wconf 89' lang='lat' dir='ltr'>le</span> <span class='ocrx_word' id='word_1_139' title='bbox 838 1993 928 2038; x_wconf 88' lang='grc'><strong>33333</strong></span> <span class='ocrx_word' id='word_1_140' title='bbox 940 1972 985 2037; x_wconf 77' lang='lat' dir='ltr'>&#39;de</span> <span class='ocrx_word' id='word_1_141' title='bbox 1001 1974 1032 2038; x_wconf 84' lang='lat' dir='ltr'>le</span> <span class='ocrx_word' id='word_1_142' title='bbox 1048 1972 1133 2040; x_wconf 83' lang='lat' dir='ltr'>altre</span> <span class='ocrx_word' id='word_1_143' title='bbox 1148 1971 1282 2040; x_wconf 83' lang='lat' dir='ltr'>Potten·</span> 
     </span>
     <span class='ocr_line' id='line_1_16' title="bbox 149 2076 1282 2164; baseline 0.005 -22"><span class='ocrx_word' id='word_1_144' title='bbox 149 2079 196 2142; x_wconf 87' lang='lat' dir='ltr'>tie</span> <span class='ocrx_word' id='word_1_145' title='bbox 211 2076 347 2144; x_wconf 82' lang='lat' dir='ltr'>Yteliee</span> <span class='ocrx_word' id='word_1_146' title='bbox 363 2101 424 2144; x_wconf 88' lang='lat' dir='ltr'>eon</span> <span class='ocrx_word' id='word_1_147' title='bbox 441 2086 558 2163; x_wconf 83' lang='lat' dir='ltr'>questu</span> <span class='ocrx_word' id='word_1_148' title='bbox 574 2101 675 2161; x_wconf 84' lang='lat' dir='ltr'>sume,</span> <span class='ocrx_word' id='word_1_149' title='bbox 689 2101 768 2164; x_wconf 88' lang='lat' dir='ltr'>pero</span> <span class='ocrx_word' id='word_1_150' title='bbox 785 2079 844 2145; x_wconf 83' lang='lat' dir='ltr'>che</span> <span class='ocrx_word' id='word_1_151' title='bbox 861 2085 892 2146; x_wconf 93' lang='lat' dir='ltr'><strong>in</strong></span> <span class='ocrx_word' id='word_1_152' title='bbox 910 2081 975 2148; x_wconf 89' lang='lat' dir='ltr'>V·e</span> <span class='ocrx_word' id='word_1_153' title='bbox 991 2080 1194 2148; x_wconf 68' lang='lat' dir='ltr'>celsitudine</span> <span class='ocrx_word' id='word_1_154' title='bbox 1217 2103 1282 2148; x_wconf 91' lang='lat' dir='ltr'><strong>non</strong></span> 
     </span>
     <span class='ocr_line' id='line_1_17' title="bbox 149 2181 1360 2272; baseline 0.004 -23"><span class='ocrx_word' id='word_1_155' title='bbox 149 2188 234 2250; x_wconf 82' lang='lat' dir='ltr'>serie</span> <span class='ocrx_word' id='word_1_156' title='bbox 251 2187 376 2252; x_wconf 79' lang='lat' dir='ltr'>latielre</span> <span class='ocrx_word' id='word_1_157' title='bbox 393 2185 510 2252; x_wconf 84' lang='grc'><strong>313333</strong></span> <span class='ocrx_word' id='word_1_158' title='bbox 527 2209 567 2252; x_wconf 87' lang='grc'><strong>33</strong></span> <span class='ocrx_word' id='word_1_159' title='bbox 584 2187 740 2268; x_wconf 69' lang='lat' dir='ltr'>dificulter,</span> <span class='ocrx_word' id='word_1_160' title='bbox 757 2188 780 2252; x_wconf 92' lang='lat' dir='ltr'><strong>il</strong></span> <span class='ocrx_word' id='word_1_161' title='bbox 796 2210 847 2254; x_wconf 91' lang='lat' dir='ltr'>me</span> <span class='ocrx_word' id='word_1_162' title='bbox 863 2189 990 2272; x_wconf 84' lang='lat' dir='ltr'>rispoei,</span> <span class='ocrx_word' id='word_1_163' title='bbox 1005 2188 1078 2253; x_wconf 84' lang='lat' dir='ltr'>ehio</span> <span class='ocrx_word' id='word_1_164' title='bbox 1094 2211 1135 2254; x_wconf 90' lang='lat' dir='ltr'>ne</span> <span class='ocrx_word' id='word_1_165' title='bbox 1152 2191 1282 2254; x_wconf 83' lang='lat' dir='ltr'>scriveei</span> <span class='ocrx_word' id='word_1_166' title='bbox 1354 2181 1360 2190; x_wconf 70' lang='grc'>’</span> 
     </span>
     <span class='ocr_line' id='line_1_18' title="bbox 147 2293 1283 2381; baseline 0.006 -24"><span class='ocrx_word' id='word_1_167' title='bbox 147 2293 264 2359; x_wconf 86' lang='grc'><strong>313333</strong></span> <span class='ocrx_word' id='word_1_168' title='bbox 297 2314 390 2360; x_wconf 85' lang='grc'><strong>33333</strong></span> <span class='ocrx_word' id='word_1_169' title='bbox 420 2295 463 2361; x_wconf 80' lang='lat' dir='ltr'><strong>ad</strong></span> <span class='ocrx_word' id='word_1_170' title='bbox 488 2293 529 2362; x_wconf 89' lang='lat' dir='ltr'><strong>V.</strong></span> <span class='ocrx_word' id='word_1_171' title='bbox 553 2295 755 2361; x_wconf 79' lang='lat' dir='ltr'>Excellentie</span> <span class='ocrx_word' id='word_1_172' title='bbox 781 2318 799 2360; x_wconf 91' lang='lat' dir='ltr'>e</span> <span class='ocrx_word' id='word_1_173' title='bbox 824 2296 891 2360; x_wconf 86' lang='lat' dir='ltr'>cusi</span> <span class='ocrx_word' id='word_1_174' title='bbox 917 2297 941 2361; x_wconf 92' lang='lat' dir='ltr'><strong>li</strong></span> <span class='ocrx_word' id='word_1_175' title='bbox 965 2299 1108 2381; x_wconf 86' lang='lat' dir='ltr'>promesi</span> <span class='ocrx_word' id='word_1_176' title='bbox 1139 2296 1179 2362; x_wconf 88' lang='lat' dir='ltr'>de</span> <span class='ocrx_word' id='word_1_177' title='bbox 1203 2295 1283 2373; x_wconf 81' lang='grc'><strong>1333,</strong></span> 
     </span>
     <span class='ocr_line' id='line_1_19' title="bbox 148 2401 1281 2489; baseline 0.005 -23"><span class='ocrx_word' id='word_1_178' title='bbox 148 2401 264 2483; x_wconf 91' lang='lat' dir='ltr'>quiudi</span> <span class='ocrx_word' id='word_1_179' title='bbox 281 2401 502 2470; x_wconf 82' lang='lat' dir='ltr'>Illustriesimi</span> <span class='ocrx_word' id='word_1_180' title='bbox 517 2403 648 2489; x_wconf 82' lang='lat' dir='ltr'>Signori</span> <span class='ocrx_word' id='word_1_181' title='bbox 665 2404 813 2489; x_wconf 79' lang='lat' dir='ltr'>bisogna,</span> <span class='ocrx_word' id='word_1_182' title='bbox 829 2405 888 2469; x_wconf 86' lang='lat' dir='ltr'>che</span> <span class='ocrx_word' id='word_1_183' title='bbox 906 2405 946 2473; x_wconf 88' lang='lat' dir='ltr'><strong>V.</strong></span> <span class='ocrx_word' id='word_1_184' title='bbox 963 2405 1164 2473; x_wconf 80' lang='lat' dir='ltr'>Excellenu&#39;e</span> <span class='ocrx_word' id='word_1_185' title='bbox 1189 2408 1281 2472; x_wconf 85' lang='grc'><strong>31333</strong></span> 
     </span>
     <span class='ocr_line' id='line_1_20' title="bbox 149 2509 1282 2601; baseline 0.01 -27"><span class='ocrx_word' id='word_1_186' title='bbox 149 2509 231 2574; x_wconf 85' lang='lat' dir='ltr'>bene</span> <span class='ocrx_word' id='word_1_187' title='bbox 258 2511 411 2594; x_wconf 81' lang='lat' dir='ltr'>prudenti</span> <span class='ocrx_word' id='word_1_188' title='bbox 437 2511 478 2578; x_wconf 83' lang='lat' dir='ltr'><strong>ad</strong></span> <span class='ocrx_word' id='word_1_189' title='bbox 505 2513 742 2579; x_wconf 84' lang='lat' dir='ltr'>eoudescendre</span> <span class='ocrx_word' id='word_1_190' title='bbox 773 2536 794 2578; x_wconf 88' lang='grc'><strong>3</strong></span> <span class='ocrx_word' id='word_1_191' title='bbox 820 2516 918 2580; x_wconf 86' lang='grc'><strong>31333</strong></span> <span class='ocrx_word' id='word_1_192' title='bbox 951 2537 1043 2582; x_wconf 85' lang='lat' dir='ltr'>suma</span> <span class='ocrx_word' id='word_1_193' title='bbox 1074 2519 1282 2601; x_wconf 78' lang='lat' dir='ltr'>particulare,</span> 
     </span>
     <span class='ocr_line' id='line_1_21' title="bbox 148 2617 1281 2710; baseline 0.011 -29"><span class='ocrx_word' id='word_1_194' title='bbox 148 2617 327 2685; x_wconf 73' lang='lat' dir='ltr'>adunando</span> <span class='ocrx_word' id='word_1_195' title='bbox 343 2620 459 2703; x_wconf 89' lang='lat' dir='ltr'>quelle,</span> <span class='ocrx_word' id='word_1_196' title='bbox 476 2621 535 2687; x_wconf 81' lang='lat' dir='ltr'>che</span> <span class='ocrx_word' id='word_1_197' title='bbox 550 2623 659 2706; x_wconf 91' lang='lat' dir='ltr'>quello</span> <span class='ocrx_word' id='word_1_198' title='bbox 676 2624 704 2687; x_wconf 90' lang='grc'><strong>31</strong></span> <span class='ocrx_word' id='word_1_199' title='bbox 721 2623 745 2688; x_wconf 92' lang='grc'><strong>11</strong></span> <span class='ocrx_word' id='word_1_200' title='bbox 760 2629 954 2710; x_wconf 69' lang='grc'><strong>3333331333,</strong></span> <span class='ocrx_word' id='word_1_201' title='bbox 970 2644 1044 2690; x_wconf 86' lang='grc'><strong>3333</strong></span> <span class='ocrx_word' id='word_1_202' title='bbox 1054 2628 1237 2693; x_wconf 83' lang='grc'><strong>3333333313</strong></span> <span class='ocrx_word' id='word_1_203' title='bbox 1253 2631 1281 2693; x_wconf 84' lang='grc'><strong>31</strong></span> 
     </span>
     <span class='ocr_line' id='line_1_22' title="bbox 148 2725 1281 2816; baseline 0.009 -26"><span class='ocrx_word' id='word_1_204' title='bbox 148 2725 270 2792; x_wconf 78' lang='lat' dir='ltr'>utenda</span> <span class='ocrx_word' id='word_1_205' title='bbox 287 2747 346 2792; x_wconf 89' lang='grc'><strong>333</strong></span> <span class='ocrx_word' id='word_1_206' title='bbox 363 2726 487 2810; x_wconf 84' lang='lat' dir='ltr'>effecto,</span> <span class='ocrx_word' id='word_1_207' title='bbox 499 2730 535 2812; x_wconf 88' lang='lat' dir='ltr'><strong>jo</strong></span> <span class='ocrx_word' id='word_1_208' title='bbox 551 2729 656 2815; x_wconf 86' lang='lat' dir='ltr'>eredo,</span> <span class='ocrx_word' id='word_1_209' title='bbox 673 2731 732 2797; x_wconf 86' lang='lat' dir='ltr'>che</span> <span class='ocrx_word' id='word_1_210' title='bbox 751 2739 867 2815; x_wconf 84' lang='lat' dir='ltr'>questu</span> <span class='ocrx_word' id='word_1_211' title='bbox 883 2731 1014 2816; x_wconf 83' lang='lat' dir='ltr'>brigute</span> <span class='ocrx_word' id='word_1_212' title='bbox 1038 2751 1116 2800; x_wconf 83' lang='lat' dir='ltr'>rore</span> <span class='ocrx_word' id='word_1_213' title='bbox 1132 2734 1281 2800; x_wconf 88' lang='lat' dir='ltr'>intendre</span> 
     </span>
     <span class='ocr_line' id='line_1_23' title="bbox 147 2831 1280 2922; baseline 0.009 -26"><span class='ocrx_word' id='word_1_214' title='bbox 147 2831 192 2897; x_wconf 80' lang='lat' dir='ltr'><strong>da</strong></span> <span class='ocrx_word' id='word_1_215' title='bbox 222 2841 348 2915; x_wconf 75' lang='lat' dir='ltr'>quantu</span> <span class='ocrx_word' id='word_1_216' title='bbox 372 2839 525 2922; x_wconf 79' lang='lat' dir='ltr'>quantita</span> <span class='ocrx_word' id='word_1_217' title='bbox 549 2839 576 2901; x_wconf 90' lang='grc'><strong>31</strong></span> <span class='ocrx_word' id='word_1_218' title='bbox 600 2845 758 2922; x_wconf 77' lang='grc'><strong>33133333</strong></span> <span class='ocrx_word' id='word_1_219' title='bbox 777 2839 932 2906; x_wconf 75' lang='grc'><strong>’31131333</strong></span> <span class='ocrx_word' id='word_1_220' title='bbox 958 2839 999 2905; x_wconf 84' lang='lat' dir='ltr'>de</span> <span class='ocrx_word' id='word_1_221' title='bbox 1023 2845 1096 2905; x_wconf 85' lang='lat' dir='ltr'>tute</span> <span class='ocrx_word' id='word_1_222' title='bbox 1121 2839 1223 2907; x_wconf 77' lang='lat' dir='ltr'>Italia</span> <span class='ocrx_word' id='word_1_223' title='bbox 1247 2851 1280 2908; x_wconf 84' lang='lat' dir='ltr'>et</span> 
     </span>
     <span class='ocr_line' id='line_1_24' title="bbox 150 2939 1281 3030; baseline 0.011 -28"><span class='ocrx_word' id='word_1_224' title='bbox 150 2939 305 3026; x_wconf 85' lang='lat' dir='ltr'>vedendo,</span> <span class='ocrx_word' id='word_1_225' title='bbox 331 2943 389 3008; x_wconf 84' lang='lat' dir='ltr'>che</span> <span class='ocrx_word' id='word_1_226' title='bbox 414 2943 447 3006; x_wconf 90' lang='grc'><strong>13</strong></span> <span class='ocrx_word' id='word_1_227' title='bbox 472 2967 565 3013; x_wconf 81' lang='lat' dir='ltr'>sumu</span> <span class='ocrx_word' id='word_1_228' title='bbox 580 2951 629 3015; x_wconf 86' lang='grc'><strong>313</strong></span> <span class='ocrx_word' id='word_1_229' title='bbox 645 2949 700 3014; x_wconf 90' lang='grc'><strong>313</strong></span> <span class='ocrx_word' id='word_1_230' title='bbox 718 2949 927 3030; x_wconf 81' lang='grc'><strong>1333313313,</strong></span> <span class='ocrx_word' id='word_1_231' title='bbox 944 2948 1037 3014; x_wconf 80' lang='lat' dir='ltr'>aloru</span> <span class='ocrx_word' id='word_1_232' title='bbox 1052 2949 1132 3014; x_wconf 84' lang='grc'><strong>13331</strong></span> <span class='ocrx_word' id='word_1_233' title='bbox 1149 2947 1281 3018; x_wconf 81' lang='grc'><strong>333133-</strong></span> 
     </span>
     <span class='ocr_line' id='line_1_25' title="bbox 147 3048 1280 3142; baseline 0.016 -30"><span class='ocrx_word' id='word_1_234' title='bbox 147 3048 331 3114; x_wconf 79' lang='lat' dir='ltr'>oeudereno</span> <span class='ocrx_word' id='word_1_235' title='bbox 347 3072 367 3115; x_wconf 91' lang='grc'><strong>3</strong></span> <span class='ocrx_word' id='word_1_236' title='bbox 383 3051 530 3122; x_wconf 76' lang='grc'><strong>33111333</strong></span> <span class='ocrx_word' id='word_1_237' title='bbox 546 3055 580 3120; x_wconf 91' lang='grc'><strong>13</strong></span> <span class='ocrx_word' id='word_1_238' title='bbox 594 3055 663 3139; x_wconf 75' lang='lat' dir='ltr'>liga</span> <span class='ocrx_word' id='word_1_239' title='bbox 686 3056 809 3138; x_wconf 77' lang='lat' dir='ltr'>rechin,</span> <span class='ocrx_word' id='word_1_240' title='bbox 824 3059 879 3122; x_wconf 88' lang='grc'><strong>313</strong></span> <span class='ocrx_word' id='word_1_241' title='bbox 904 3060 981 3142; x_wconf 81' lang='lat' dir='ltr'>quel</span> <span class='ocrx_word' id='word_1_242' title='bbox 1008 3081 1087 3127; x_wconf 89' lang='grc'><strong>3333</strong></span> <span class='ocrx_word' id='word_1_243' title='bbox 1103 3063 1280 3129; x_wconf 85' lang='grc'><strong>313113331-</strong></span> 
     </span>
     <span class='ocr_line' id='line_1_26' title="bbox 146 3155 1281 3250; baseline 0.014 -28"><span class='ocrx_word' id='word_1_244' title='bbox 146 3157 229 3222; x_wconf 80' lang='lat' dir='ltr'>tenti</span> <span class='ocrx_word' id='word_1_245' title='bbox 245 3155 288 3221; x_wconf 89' lang='lat' dir='ltr'><strong>lin</strong></span> <span class='ocrx_word' id='word_1_246' title='bbox 305 3179 372 3240; x_wconf 85' lang='lat' dir='ltr'>que</span> <span class='ocrx_word' id='word_1_247' title='bbox 386 3180 446 3242; x_wconf 90' lang='lat' dir='ltr'>per</span> <span class='ocrx_word' id='word_1_248' title='bbox 462 3161 552 3226; x_wconf 79' lang='lat' dir='ltr'>venir</span> <span class='ocrx_word' id='word_1_249' title='bbox 568 3162 611 3229; x_wconf 81' lang='lat' dir='ltr'><strong>nd</strong></span> <span class='ocrx_word' id='word_1_250' title='bbox 626 3170 741 3247; x_wconf 86' lang='lat' dir='ltr'>questo</span> <span class='ocrx_word' id='word_1_251' title='bbox 757 3165 902 3247; x_wconf 81' lang='lat' dir='ltr'>designo,</span> <span class='ocrx_word' id='word_1_252' title='bbox 911 3188 973 3250; x_wconf 90' lang='lat' dir='ltr'><strong>pur</strong></span> <span class='ocrx_word' id='word_1_253' title='bbox 988 3168 1043 3234; x_wconf 89' lang='grc'><strong>313</strong></span> <span class='ocrx_word' id='word_1_254' title='bbox 1059 3167 1176 3236; x_wconf 84' lang='grc'><strong>3113313</strong></span> <span class='ocrx_word' id='word_1_255' title='bbox 1190 3170 1281 3239; x_wconf 80' lang='lat' dir='ltr'>fecta</span> 
     </span>
     <span class='ocr_line' id='line_1_27' title="bbox 150 3263 1280 3361; baseline 0.014 -33"><span class='ocrx_word' id='word_1_256' title='bbox 150 3285 207 3347; x_wconf 87' lang='lat' dir='ltr'>per</span> <span class='ocrx_word' id='word_1_257' title='bbox 221 3263 256 3330; x_wconf 91' lang='grc'><strong>13</strong></span> <span class='ocrx_word' id='word_1_258' title='bbox 271 3265 358 3332; x_wconf 89' lang='grc' dir='ltr'><strong>Μ-13</strong></span> <span class='ocrx_word' id='word_1_259' title='bbox 374 3267 428 3333; x_wconf 89' lang='lat' dir='ltr'>del</span> <span class='ocrx_word' id='word_1_260' title='bbox 444 3269 503 3355; x_wconf 88' lang='lat' dir='ltr'>Re,</span> <span class='ocrx_word' id='word_1_261' title='bbox 519 3291 584 3336; x_wconf 90' lang='lat' dir='ltr'><strong>non</strong></span> <span class='ocrx_word' id='word_1_262' title='bbox 600 3272 686 3338; x_wconf 83' lang='lat' dir='ltr'>huno</span> <span class='ocrx_word' id='word_1_263' title='bbox 698 3273 785 3339; x_wconf 82' lang='grc'><strong>13313</strong></span> <span class='ocrx_word' id='word_1_264' title='bbox 803 3297 842 3339; x_wconf 87' lang='grc'><strong>33</strong></span> <span class='ocrx_word' id='word_1_265' title='bbox 859 3297 936 3340; x_wconf 86' lang='grc'><strong>3333</strong></span> <span class='ocrx_word' id='word_1_266' title='bbox 952 3297 991 3341; x_wconf 89' lang='grc'><strong>33</strong></span> <span class='ocrx_word' id='word_1_267' title='bbox 1008 3278 1136 3358; x_wconf 84' lang='lat' dir='ltr'>extima,</span> <span class='ocrx_word' id='word_1_268' title='bbox 1153 3300 1216 3344; x_wconf 88' lang='lat' dir='ltr'><strong>non</strong></span> <span class='ocrx_word' id='word_1_269' title='bbox 1233 3301 1280 3361; x_wconf 91' lang='grc'><strong>33,</strong></span> 
     </span>
     <span class='ocr_line' id='line_1_28' title="bbox 146 3373 1278 3470; baseline 0.016 -35"><span class='ocrx_word' id='word_1_270' title='bbox 146 3374 175 3436; x_wconf 90' lang='grc'><strong>31</strong></span> <span class='ocrx_word' id='word_1_271' title='bbox 190 3373 322 3455; x_wconf 81' lang='lat' dir='ltr'>liugane</span> <span class='ocrx_word' id='word_1_272' title='bbox 339 3396 358 3438; x_wconf 92' lang='lat'>0</span> <span class='ocrx_word' id='word_1_273' title='bbox 376 3376 485 3458; x_wconf 90' lang='lat' dir='ltr'>quello</span> <span class='ocrx_word' id='word_1_274' title='bbox 500 3378 617 3460; x_wconf 84' lang='lat' dir='ltr'>facino,</span> <span class='ocrx_word' id='word_1_275' title='bbox 634 3381 666 3444; x_wconf 92' lang='grc'><strong>13</strong></span> <span class='ocrx_word' id='word_1_276' title='bbox 682 3381 808 3464; x_wconf 84' lang='lat' dir='ltr'>Legnto</span> <span class='ocrx_word' id='word_1_277' title='bbox 827 3403 886 3448; x_wconf 88' lang='grc'><strong>333</strong></span> <span class='ocrx_word' id='word_1_278' title='bbox 913 3403 979 3468; x_wconf 86' lang='lat' dir='ltr'><strong>nuy</strong></span> <span class='ocrx_word' id='word_1_279' title='bbox 995 3393 1126 3468; x_wconf 85' lang='lat' dir='ltr'>mostra,</span> <span class='ocrx_word' id='word_1_280' title='bbox 1142 3407 1204 3470; x_wconf 87' lang='lat' dir='ltr'><strong>pur</strong></span> <span class='ocrx_word' id='word_1_281' title='bbox 1220 3385 1278 3453; x_wconf 86' lang='lat' dir='ltr'>che</span> 
     </span>
     <span class='ocr_line' id='line_1_29' title="bbox 145 3483 1280 3578; baseline 0.016 -36"><span class='ocrx_word' id='word_1_282' title='bbox 145 3499 211 3545; x_wconf 91' lang='grc'><strong>333</strong></span> <span class='ocrx_word' id='word_1_283' title='bbox 228 3499 269 3543; x_wconf 88' lang='grc'><strong>33</strong></span> <span class='ocrx_word' id='word_1_284' title='bbox 283 3499 382 3563; x_wconf 79' lang='lat' dir='ltr'>pessa</span> <span class='ocrx_word' id='word_1_285' title='bbox 398 3483 498 3550; x_wconf 77' lang='lat' dir='ltr'>hever</span> <span class='ocrx_word' id='word_1_286' title='bbox 523 3485 566 3552; x_wconf 85' lang='lat' dir='ltr'><strong>du</strong></span> <span class='ocrx_word' id='word_1_287' title='bbox 591 3487 662 3552; x_wconf 91' lang='grc'><strong>1333</strong></span> <span class='ocrx_word' id='word_1_288' title='bbox 688 3489 788 3556; x_wconf 86' lang='grc'><strong>31333</strong></span> <span class='ocrx_word' id='word_1_289' title='bbox 813 3492 900 3558; x_wconf 82' lang='grc'><strong>1333</strong></span> <span class='ocrx_word' id='word_1_290' title='bbox 925 3491 1189 3559; x_wconf 84' lang='grc'><strong>33331331333113</strong></span> <span class='ocrx_word' id='word_1_291' title='bbox 1205 3516 1280 3578; x_wconf 84' lang='lat' dir='ltr'>qua,</span> 
     </span>
     <span class='ocr_line' id='line_1_30' title="bbox 144 3586 1280 3689; baseline 0.017 -40"><span class='ocrx_word' id='word_1_292' title='bbox 144 3593 178 3650; x_wconf 91' lang='lat' dir='ltr'>et</span> <span class='ocrx_word' id='word_1_293' title='bbox 194 3586 265 3652; x_wconf 82' lang='lat' dir='ltr'>dice</span> <span class='ocrx_word' id='word_1_294' title='bbox 281 3588 341 3653; x_wconf 85' lang='lat' dir='ltr'>che</span> <span class='ocrx_word' id='word_1_295' title='bbox 357 3590 390 3656; x_wconf 89' lang='grc'><strong>13</strong></span> <span class='ocrx_word' id='word_1_296' title='bbox 415 3593 569 3660; x_wconf 72' lang='lat' dir='ltr'>infirmita</span> <span class='ocrx_word' id='word_1_297' title='bbox 595 3617 654 3662; x_wconf 86' lang='grc'><strong>333</strong></span> <span class='ocrx_word' id='word_1_298' title='bbox 680 3599 720 3664; x_wconf 90' lang='lat' dir='ltr'>he</span> <span class='ocrx_word' id='word_1_299' title='bbox 746 3601 801 3682; x_wconf 91' lang='lat' dir='ltr'><strong>piu</strong></span> <span class='ocrx_word' id='word_1_300' title='bbox 826 3623 886 3684; x_wconf 88' lang='lat' dir='ltr'>per</span> <span class='ocrx_word' id='word_1_301' title='bbox 911 3611 1029 3686; x_wconf 85' lang='lat' dir='ltr'>questo</span> <span class='ocrx_word' id='word_1_302' title='bbox 1054 3603 1196 3689; x_wconf 84' lang='lat' dir='ltr'>rispeeto</span> <span class='ocrx_word' id='word_1_303' title='bbox 1220 3625 1280 3688; x_wconf 87' lang='lat' dir='ltr'>per</span> 
     </span>
     <span class='ocr_line' id='line_1_31' title="bbox 144 3693 1279 3798; baseline 0.023 -41"><span class='ocrx_word' id='word_1_304' title='bbox 144 3693 243 3759; x_wconf 82' lang='grc'><strong>31333</strong></span> <span class='ocrx_word' id='word_1_305' title='bbox 259 3695 378 3764; x_wconf 87' lang='lat' dir='ltr'>deuon</span> <span class='ocrx_word' id='word_1_306' title='bbox 403 3708 497 3784; x_wconf 86' lang='lat' dir='ltr'>poter</span> <span class='ocrx_word' id='word_1_307' title='bbox 522 3707 713 3790; x_wconf 80' lang='lat' dir='ltr'>consequire</span> <span class='ocrx_word' id='word_1_308' title='bbox 740 3708 772 3773; x_wconf 93' lang='grc'><strong>13</strong></span> <span class='ocrx_word' id='word_1_309' title='bbox 798 3711 923 3777; x_wconf 89' lang='grc'><strong>1313313</strong></span> <span class='ocrx_word' id='word_1_310' title='bbox 947 3733 1015 3792; x_wconf 85' lang='lat' dir='ltr'>suo,</span> <span class='ocrx_word' id='word_1_311' title='bbox 1031 3712 1092 3778; x_wconf 85' lang='lat' dir='ltr'>che</span> <span class='ocrx_word' id='word_1_312' title='bbox 1118 3735 1176 3798; x_wconf 90' lang='lat' dir='ltr'>per</span> <span class='ocrx_word' id='word_1_313' title='bbox 1192 3717 1279 3786; x_wconf 86' lang='grc'><strong>31133</strong></span> 
     </span>
     <span class='ocr_line' id='line_1_32' title="bbox 143 3801 1277 3909; baseline 0.024 -43"><span class='ocrx_word' id='word_1_314' title='bbox 143 3801 298 3883; x_wconf 75' lang='grc'><strong>33311313</strong></span> <span class='ocrx_word' id='word_1_315' title='bbox 315 3805 355 3876; x_wconf 87' lang='lat' dir='ltr'><strong>V.</strong></span> <span class='ocrx_word' id='word_1_316' title='bbox 371 3809 574 3878; x_wconf 78' lang='lat' dir='ltr'>Excellentie</span> <span class='ocrx_word' id='word_1_317' title='bbox 590 3835 640 3878; x_wconf 89' lang='lat' dir='ltr'>me</span> <span class='ocrx_word' id='word_1_318' title='bbox 656 3835 741 3899; x_wconf 88' lang='lat' dir='ltr'>pono</span> <span class='ocrx_word' id='word_1_319' title='bbox 767 3838 819 3882; x_wconf 88' lang='lat' dir='ltr'><strong>mo</strong></span> <span class='ocrx_word' id='word_1_320' title='bbox 844 3819 1060 3901; x_wconf 71' lang='grc'><strong>3131333313</strong></span> <span class='ocrx_word' id='word_1_321' title='bbox 1086 3832 1210 3909; x_wconf 81' lang='lat' dir='ltr'>quanto</span> <span class='ocrx_word' id='word_1_322' title='bbox 1236 3827 1277 3893; x_wconf 88' lang='lat' dir='ltr'><strong>ho</strong></span> 
     </span>
     <span class='ocr_line' id='line_1_33' title="bbox 144 3909 416 3983; baseline 0.04 -11"><span class='ocrx_word' id='word_1_323' title='bbox 144 3909 188 3974; x_wconf 80' lang='lat' dir='ltr'><strong>du</strong></span> <span class='ocrx_word' id='word_1_324' title='bbox 204 3909 275 3978; x_wconf 86' lang='lat' dir='ltr'>dire</span> <span class='ocrx_word' id='word_1_325' title='bbox 291 3921 323 3978; x_wconf 89' lang='lat' dir='ltr'>et</span> <span class='ocrx_word' id='word_1_326' title='bbox 339 3915 416 3983; x_wconf 82' lang='grc'><strong>1333.</strong></span> 
     </span>
    </p>

    <p class='ocr_par' dir='ltr' id='par_1_3' title="bbox 143 4011 1278 4230">
     <span class='ocr_line' id='line_1_34' title="bbox 251 4011 1278 4115; baseline 0.02 -27"><span class='ocrx_word' id='word_1_327' title='bbox 251 4019 303 4084; x_wconf 79' lang='lat' dir='ltr'>De</span> <span class='ocrx_word' id='word_1_328' title='bbox 315 4021 466 4106; x_wconf 80' lang='lat' dir='ltr'>Ungaria</span> <span class='ocrx_word' id='word_1_329' title='bbox 483 4051 563 4096; x_wconf 90' lang='grc'><strong>3333</strong></span> <span class='ocrx_word' id='word_1_330' title='bbox 581 4033 714 4115; x_wconf 84' lang='lat' dir='ltr'>novelle,</span> <span class='ocrx_word' id='word_1_331' title='bbox 730 4011 836 4101; x_wconf 41' lang='lat' dir='ltr'>che&#39;lo</span> <span class='ocrx_word' id='word_1_332' title='bbox 852 4035 902 4101; x_wconf 89' lang='lat' dir='ltr'>Re</span> <span class='ocrx_word' id='word_1_333' title='bbox 919 4037 960 4103; x_wconf 88' lang='lat' dir='ltr'>de</span> <span class='ocrx_word' id='word_1_334' title='bbox 977 4038 1114 4106; x_wconf 78' lang='lat' dir='ltr'>Boemie</span> <span class='ocrx_word' id='word_1_335' title='bbox 1136 4039 1179 4104; x_wconf 83' lang='lat' dir='ltr'><strong>hu</strong></span> <span class='ocrx_word' id='word_1_336' title='bbox 1194 4043 1278 4108; x_wconf 80' lang='lat' dir='ltr'>tulto</span> 
     </span>
     <span class='ocr_line' id='line_1_35' title="bbox 143 4131 1277 4230; baseline 0.024 -41"><span class='ocrx_word' id='word_1_337' title='bbox 143 4147 208 4190; x_wconf 88' lang='grc'><strong>333</strong></span> <span class='ocrx_word' id='word_1_338' title='bbox 231 4131 355 4196; x_wconf 79' lang='lat' dir='ltr'>castelo</span> <span class='ocrx_word' id='word_1_339' title='bbox 382 4133 422 4198; x_wconf 88' lang='lat' dir='ltr'>de</span> <span class='ocrx_word' id='word_1_340' title='bbox 448 4135 575 4221; x_wconf 79' lang='lat' dir='ltr'>Ungeri</span> <span class='ocrx_word' id='word_1_341' title='bbox 602 4143 703 4207; x_wconf 82' lang='lat' dir='ltr'>eche</span> <span class='ocrx_word' id='word_1_342' title='bbox 729 4143 761 4208; x_wconf 94' lang='grc'><strong>13</strong></span> <span class='ocrx_word' id='word_1_343' title='bbox 786 4145 837 4210; x_wconf 83' lang='grc'><strong>113</strong></span> <span class='ocrx_word' id='word_1_344' title='bbox 862 4144 903 4210; x_wconf 89' lang='lat' dir='ltr'>de</span> <span class='ocrx_word' id='word_1_345' title='bbox 928 4147 1077 4230; x_wconf 80' lang='lat' dir='ltr'>Unguria</span> <span class='ocrx_word' id='word_1_346' title='bbox 1095 4149 1138 4214; x_wconf 90' lang='lat' dir='ltr'>he</span> <span class='ocrx_word' id='word_1_347' title='bbox 1155 4151 1277 4218; x_wconf 80' lang='lat' dir='ltr'>nudato</span> 
     </span>
    </p>
   </div>
   <div class='ocr_carea' id='block_1_3' title="bbox 143 4244 1278 4346">
    <p class='ocr_par' dir='ltr' id='par_1_4' title="bbox 143 4244 1278 4346">
     <span class='ocr_line' id='line_1_36' title="bbox 143 4244 1278 4346; baseline 0.031 -48"><span class='ocrx_word' id='word_1_348' title='bbox 143 4255 164 4298; x_wconf 97' lang='grc'><strong>3</strong></span> <span class='ocrx_word' id='word_1_349' title='bbox 193 4255 311 4322; x_wconf 80' lang='lat' dir='ltr'>eampo</span> <span class='ocrx_word' id='word_1_350' title='bbox 342 4264 402 4308; x_wconf 86' lang='lat' dir='ltr'><strong>con</strong></span> <span class='ocrx_word' id='word_1_351' title='bbox 433 4244 463 4311; x_wconf 87' lang='grc'><strong>13</strong></span> <span class='ocrx_word' id='word_1_352' title='bbox 494 4247 671 4317; x_wconf 85' lang='lat' dir='ltr'>bombarde</span> <span class='ocrx_word' id='word_1_353' title='bbox 696 4275 756 4336; x_wconf 89' lang='lat' dir='ltr'>per</span> <span class='ocrx_word' id='word_1_354' title='bbox 783 4257 926 4341; x_wconf 81' lang='lat' dir='ltr'>piglerlo</span> <span class='ocrx_word' id='word_1_355' title='bbox 951 4260 988 4340; x_wconf 90' lang='grc'><strong>31,</strong></span> <span class='ocrx_word' id='word_1_356' title='bbox 1015 4259 1074 4326; x_wconf 91' lang='lat' dir='ltr'><strong>ehe</strong></span> <span class='ocrx_word' id='word_1_357' title='bbox 1099 4261 1132 4326; x_wconf 88' lang='grc'><strong>13</strong></span> <span class='ocrx_word' id='word_1_358' title='bbox 1158 4284 1278 4346; x_wconf 77' lang='lat' dir='ltr'>guerre</span> 
     </span>
    </p>
   </div>
   <div class='ocr_carea' id='block_1_4' title="bbox 10 4341 1276 4458">
    <p class='ocr_par' dir='ltr' id='par_1_5' title="bbox 10 4341 1276 4458">
     <span class='ocr_line' id='line_1_37' title="bbox 10 4341 1276 4458; baseline 0.032 -58"><span class='ocrx_word' id='word_1_359' title='bbox 10 4379 31 4388; x_wconf 71' lang='lat'><strong>.-</strong></span> <span class='ocrx_word' id='word_1_360' title='bbox 145 4341 168 4406; x_wconf 90' lang='lat' dir='ltr'><strong>il</strong></span> <span class='ocrx_word' id='word_1_361' title='bbox 185 4342 290 4410; x_wconf 83' lang='lat' dir='ltr'>devea</span> <span class='ocrx_word' id='word_1_362' title='bbox 305 4346 374 4415; x_wconf 85' lang='grc'><strong>1333</strong></span> <span class='ocrx_word' id='word_1_363' title='bbox 390 4353 443 4418; x_wconf 88' lang='grc'><strong>313</strong></span> <span class='ocrx_word' id='word_1_364' title='bbox 460 4358 586 4438; x_wconf 73' lang='lat' dir='ltr'>tumbe,</span> <span class='ocrx_word' id='word_1_365' title='bbox 603 4358 642 4424; x_wconf 91' lang='lat' dir='ltr'>he</span> <span class='ocrx_word' id='word_1_366' title='bbox 658 4361 816 4428; x_wconf 81' lang='lat' dir='ltr'>rivoltata</span> <span class='ocrx_word' id='word_1_367' title='bbox 831 4364 866 4429; x_wconf 90' lang='lat' dir='ltr'><strong>in</strong></span> <span class='ocrx_word' id='word_1_368' title='bbox 880 4363 1028 4452; x_wconf 71' lang='lat' dir='ltr'>Beemin,</span> <span class='ocrx_word' id='word_1_369' title='bbox 1054 4370 1086 4436; x_wconf 91' lang='grc'><strong>13</strong></span> <span class='ocrx_word' id='word_1_370' title='bbox 1102 4369 1220 4440; x_wconf 82' lang='lat' dir='ltr'>Duche</span> <span class='ocrx_word' id='word_1_371' title='bbox 1235 4373 1276 4458; x_wconf 71' lang='lat' dir='ltr'>de</span> 
     </span>
    </p>
   </div>
   <div class='ocr_carea' id='block_1_5' title="bbox 146 4447 1286 4748">
    <p class='ocr_par' dir='ltr' id='par_1_6' title="bbox 146 4447 1286 4748">
     <span class='ocr_line' id='line_1_38' title="bbox 148 4447 1286 4566; baseline 0.031 -52"><span class='ocrx_word' id='word_1_372' title='bbox 148 4447 326 4538; x_wconf 82' lang='lat' dir='ltr'>Burgognu</span> <span class='ocrx_word' id='word_1_373' title='bbox 352 4457 394 4523; x_wconf 85' lang='lat' dir='ltr'>he</span> <span class='ocrx_word' id='word_1_374' title='bbox 429 4462 555 4558; x_wconf 73' lang='lat' dir='ltr'>piglato</span> <span class='ocrx_word' id='word_1_375' title='bbox 585 4464 722 4533; x_wconf 81' lang='lat' dir='ltr'>Dununt</span> <span class='ocrx_word' id='word_1_376' title='bbox 747 4490 765 4536; x_wconf 90' lang='lat' dir='ltr'>e</span> <span class='ocrx_word' id='word_1_377' title='bbox 791 4471 962 4541; x_wconf 84' lang='lat' dir='ltr'>eaohezuto</span> <span class='ocrx_word' id='word_1_378' title='bbox 993 4484 1027 4542; x_wconf 89' lang='lat' dir='ltr'>et</span> <span class='ocrx_word' id='word_1_379' title='bbox 1055 4488 1207 4566; x_wconf 60' lang='lat' dir='ltr'>ruyuet0,</span> <span class='ocrx_word' id='word_1_380' title='bbox 1234 4465 1286 4566; x_wconf 75' lang='grc'><strong>133</strong></span> 
     </span>
     <span class='ocr_line' id='line_1_39' title="bbox 146 4565 1276 4662; baseline 0.028 -40"><span class='ocrx_word' id='word_1_381' title='bbox 146 4565 264 4625; x_wconf 78' lang='lat' dir='ltr'>renutu</span> <span class='ocrx_word' id='word_1_382' title='bbox 280 4581 347 4646; x_wconf 82' lang='lat' dir='ltr'><strong>qun</strong></span> <span class='ocrx_word' id='word_1_383' title='bbox 363 4587 428 4632; x_wconf 89' lang='lat' dir='ltr'><strong>uno</strong></span> <span class='ocrx_word' id='word_1_384' title='bbox 444 4567 622 4638; x_wconf 82' lang='lat' dir='ltr'>Ouuzelero</span> <span class='ocrx_word' id='word_1_385' title='bbox 642 4575 695 4641; x_wconf 88' lang='lat' dir='ltr'>del</span> <span class='ocrx_word' id='word_1_386' title='bbox 711 4575 851 4662; x_wconf 82' lang='lat' dir='ltr'>Signore</span> <span class='ocrx_word' id='word_1_387' title='bbox 865 4578 1031 4650; x_wconf 77' lang='lat' dir='ltr'>Gulielm&#39;o</span> <span class='ocrx_word' id='word_1_388' title='bbox 1047 4583 1219 4656; x_wconf 82' lang='lat' dir='ltr'>Muroheee</span> <span class='ocrx_word' id='word_1_389' title='bbox 1235 4589 1276 4655; x_wconf 89' lang='grc'><strong>(13</strong></span> 
     </span>
     <span class='ocr_line' id='line_1_40' title="bbox 1134 4697 1166 4748; baseline 0.031 -27"><span class='ocrx_word' id='word_1_390' title='bbox 1134 4697 1166 4748; x_wconf 72' lang='lat'><strong>³·</strong></span> 
     </span>
    </p>
   </div>
   <div class='ocr_carea' id='block_1_6' title="bbox 0 0 1672 5276">
    <p class='ocr_par' dir='ltr' id='par_1_7' title="bbox 0 0 1672 5276">
     <span class='ocr_line' id='line_1_41' title="bbox 0 0 1672 5276; baseline 0 2"><span class='ocrx_word' id='word_1_391' title='bbox 0 0 1672 5276; x_wconf 95' lang='lat' dir='ltr'><strong> </strong></span> 
     </span>
    </p>
   </div>
  </div>
 </body>
</html>
