3336 5258
401 345 467 409 434
777 361 1011 408 nrrnouuozmr
1026 347 1184 405 nunbnnu

423 501 427 512 Ι
510 521 612 590 Vadit
627 543 720 605 pars:
737 522 825 606 quod
840 520 978 604 prelatis
996 517 1192 586 Oratoribus
1215 521 1265 586 his
1282 522 1390 590 verbis
1406 545 1536 608 respon·

402 631 532 698 deatur:
554 628 586 694 N
590 651 625 696 os
642 652 702 714 pro
719 635 860 713 paterno
881 634 995 695 nostro
1020 630 1053 693 in
1070 630 1177 714 ipsum
1195 627 1409 714 Magnificum
1426 633 1537 700 Domi-

400 763 478 806 num
494 760 604 806 amore
615 760 686 804 cum
697 743 842 819 suatum
854 736 1107 820 Magnificorum
1123 738 1284 824 majorum
1297 739 1386 806 illius
1402 743 1538 828 ratione,

403 849 522 934 quibus
539 869 612 914 cum
628 846 776 915 benivole
793 869 920 932 semper
937 849 1107 931 amiceque
1122 847 1268 932 viximus,
1284 872 1358 916 eum
1373 853 1422 916 uti
1438 851 1538 920 filium

402 981 527 1044 semper
546 979 683 1038 amasse,
709 956 887 1041 amarique,
912 958 1066 1041 omnique
1090 954 1229 1024 honesto
1255 959 1345 1024 illius
1370 959 1541 1047 desiderio,

403 1068 693 1152 commoditatique
708 1066 883 1132 inclinatos
899 1087 978 1149 esse,
989 1066 1041 1131 oui
1054 1087 1132 1132 sane
1147 1065 1181 1130 in
1197 1066 1261 1132 hae
1275 1067 1364 1134 illius
1379 1069 1536 1153 petitione

402 1178 542 1244 libenter
557 1175 827 1259 satisfaceremus,
837 1175 865 1241 si
880 1195 1072 1261 perpacem,
1084 1175 1338 1261 diuturnamque
1349 1177 1542 1256 amicitiam,

403 1309 501 1372 quem
527 1309 598 1353 cum
625 1283 850 1372 suprascripto
877 1281 1093 1350 Serenissimo
1124 1282 1217 1367 Rege
1250 1285 1416 1368 habemns,
1447 1287 1540 1353 nobis

403 1397 534 1480 liceret3
561 1396 681 1481 quippe
719 1395 775 1479 qui
806 1393 834 1460 si
864 1393 968 1478 ipsius
999 1391 1170 1478 Magnifici
1200 1393 1333 1460 Domini
1364 1395 1540 1480 postulatis

404 1525 528 1573 morem
545 1526 757 1589 gemeremus,
775 1503 816 1570 de
833 1502 928 1568 nobis
945 1524 1023 1570 sane
1035 1503 1111 1588 jure
1127 1504 1333 1588 expostulare
1349 1512 1468 1589 posset,
1484 1527 1540 1570 nos

407 1615 532 1681 scilicet
548 1634 661 1698 pacem
677 1619 711 1679 et
726 1607 905 1679 amicitiam
922 1613 1027 1697 ipsam
1043 1610 1178 1694 violare,
1196 1633 1259 1696 quo
1275 1613 1380 1678 nostri
1395 1614 1539 1699 Dominij

404 1723 520 1806 honos,
536 1721 766 1804 estimatioque
792 1719 880 1804 apud
905 1741 1016 1788 omnes
1043 1741 1108 1785 non
1132 1721 1342 1786 mediocriter
1369 1721 1542 1822 lederetur,

404 1833 581 1900 reddentes
598 1852 657 1896 nos
673 1835 779 1897 certos
795 1831 902 1914 ipsum
927 1829 1144 1914 Magnificum
1160 1831 1339 1900 Dominum
1365 1853 1425 1917 pro
1448 1831 1540 1898 filiali

405 1940 492 2008 illiue
510 1941 544 2006 in
560 1962 619 2006 nos
637 1939 846 2006 observantia
862 1939 978 2005 audire
1002 1937 1098 2006 nolle.

514 2065 569 2132 Ad
595 2073 721 2152 partem
746 2088 822 2133 vero
839 2067 877 2132 X
893 2068 927 2132 in
943 2065 1027 2132 XII.
1044 2066 1225 2133 berilorum
1250 2068 1392 2152 pulveris
1416 2088 1437 2132 a
1454 2067 1541 2134 bom·

405 2175 520 2261 barda,
536 2174 611 2242 XX
628 2175 661 2239 in
678 2174 788 2243 XXV
803 2173 1041 2256 ballistrarum,
1067 2197 1150 2259 quas
1174 2177 1242 2241 suis
1267 2177 1413 2262 pecunijs
1437 2199 1541 2243 emere

406 2286 544 2371 hincque
560 2285 729 2368 exportari
744 2283 854 2350 facere
869 2285 991 2365 volunt,
1007 2283 1146 2349 dicimus
1165 2305 1235 2350 esse
1252 2291 1420 2350 contentos
1438 2284 1540 2351 eidem

406 2393 587 2480 Magnifico
599 2394 740 2460 Domino
756 2415 878 2460 morem
894 2413 1018 2478 gerere,
1036 2391 1125 2475 quod
1141 2392 1301 2478 ejusmodi
1318 2392 1438 2459 barilia
1453 2390 1492 2457 X
1509 2393 1542 2456 in

408 2502 486 2568 XII
516 2525 555 2569 ac
579 2499 730 2568 ballistas
754 2501 830 2566 XX
855 2503 890 2566 in
914 2499 1022 2570 XXV
1048 2501 1116 2568 suis
1140 2501 1286 2586 pecunijs
1314 2507 1442 2586 emptas
1467 2499 1544 2566 hinc

406 2610 574 2695 exportari
590 2609 698 2676 faeere
714 2614 858 2694 possunt,
873 2613 911 2676 ut
925 2609 1012 2675 idem
1023 2607 1233 2693 Magnificius
1242 2609 1404 2675 Dominus
1421 2614 1542 2675 statum

408 2741 501 2786 suum
525 2720 611 2785 tueri
637 2724 745 2802 queat,
770 2717 1050 2784 conservationem
1084 2717 1176 2801 cujus
1212 2740 1276 2784 non
1300 2719 1416 2800 minus,
1443 2740 1543 2802 quam

406 2828 530 2913 proprij
549 2827 770 2894 desideramus
786 2849 847 2912 pro
870 2833 1009 2911 paterna
1024 2827 1162 2892 caritate
1171 2833 1293 2912 nostra,
1309 2848 1408 2911 quam
1415 2827 1545 2914 jamdiu

408 2958 488 3021 erga
514 2937 619 3021 ipsum
645 2936 862 3020 Magnificum
886 2935 1064 3002 Dominum
1083 2933 1265 3016 habuimus,
1281 2935 1380 3021 inque
1396 2935 1546 3001 futurum

407 3065 532 3130 semper
550 3045 672 3110 habere
689 3045 840 3130 dispositi
856 3067 973 3111 sumus

515 3169 747 3238 Exhibuerunt
771 3177 920 3256 preterea
947 3167 1106 3238 Oratores
1130 3173 1271 3257 predicti
1305 3171 1449 3256 quinque
1475 3171 1547 3236 alia

407 3279 552 3363 capitula
576 3281 669 3364 parvi
685 3281 848 3362 momenti,
863 3279 981 3363 quibus
997 3279 1093 3364 hujus
1110 3279 1247 3366 Consilij
1272 3279 1470 3345 auctoritate
1487 3299 1547 3361 per

408 3387 589 3472 Collegium
605 3389 851 3474 respondeatur,
867 3388 962 3454 sicuti
987 3388 1104 3454 melius
1129 3391 1279 3480 opqrtere
1305 3385 1478 3469 videbitur,
1504 3409 1548 3452 ne

408 3495 469 3561 hoo
486 3493 668 3562 Consilium
683 3495 718 3561 in
734 3496 894 3582 ejusmodi
911 3495 1007 3563 rebus
1024 3497 1133 3582 parvis
1151 3501 1336 3581 occupetur.

517 3622 996 3707 †120-·1-3.

516 3788 673 3850 (Velenczei
686 3787 865 3851 dllnrnkdnyv
882 3791 940 3838 113.
955 3787 985 3848 l.)

1544 9 1663 330 *q

1654 351 1663 400 t
