<?xml version="1.0" encoding="UTF-8"?>
<!DOCTYPE html PUBLIC "-//W3C//DTD XHTML 1.0 Transitional//EN"
    "http://www.w3.org/TR/xhtml1/DTD/xhtml1-transitional.dtd">
<html xmlns="http://www.w3.org/1999/xhtml" xml:lang="en" lang="en">
 <head>
  <title>
</title>
<meta http-equiv="Content-Type" content="text/html;charset=utf-8" />
  <meta name='ocr-system' content='tesseract 3.04.00' />
  <meta name='ocr-capabilities' content='ocr_page ocr_carea ocr_par ocr_line ocrx_word'/>
</head>
<body>
  <div class='ocr_page' id='page_1' title='image "./magyardiplomacz00mattgoog_0063.png"; bbox 0 0 3334 5276; ppageno 0'>
   <div class='ocr_carea' id='block_1_1' title="bbox 413 329 1188 392">
    <p class='ocr_par' dir='ltr' id='par_1_1' title="bbox 413 329 1188 392">
     <span class='ocr_line' id='line_1_1' title="bbox 413 329 1188 392; baseline -0.003 0"><span class='ocrx_word' id='word_1_1' title='bbox 413 329 455 392; x_wconf 71' lang='grc'><strong>76</strong></span> <span class='ocrx_word' id='word_1_2' title='bbox 771 331 1188 392; x_wconf 75' lang='lat' dir='ltr'><strong>umuounozmninmuau.</strong></span> 
     </span>
    </p>
   </div>
   <div class='ocr_carea' id='block_1_2' title="bbox 410 503 1638 1563">
    <p class='ocr_par' dir='ltr' id='par_1_2' title="bbox 410 503 1638 1563">
     <span class='ocr_line' id='line_1_2' title="bbox 411 503 1543 592; baseline 0.002 -20"><span class='ocrx_word' id='word_1_3' title='bbox 411 505 575 572; x_wconf 84' lang='lat' dir='ltr'><strong>vissimum</strong></span> <span class='ocrx_word' id='word_1_4' title='bbox 606 511 639 570; x_wconf 89' lang='lat' dir='ltr'><strong>et</strong></span> <span class='ocrx_word' id='word_1_5' title='bbox 669 503 941 588; x_wconf 73' lang='lat' dir='ltr'><strong>sapientissimam</strong></span> <span class='ocrx_word' id='word_1_6' title='bbox 965 506 1000 570; x_wconf 93' lang='lat' dir='ltr'><strong>in</strong></span> <span class='ocrx_word' id='word_1_7' title='bbox 1029 509 1171 590; x_wconf 88' lang='lat' dir='ltr'><strong>utraque</strong></span> <span class='ocrx_word' id='word_1_8' title='bbox 1196 527 1304 573; x_wconf 87' lang='lat' dir='ltr'><strong>rerum</strong></span> <span class='ocrx_word' id='word_1_9' title='bbox 1321 507 1543 592; x_wconf 84' lang='lat' dir='ltr'><strong>predictarum</strong></span> 
     </span>
     <span class='ocr_line' id='line_1_3' title="bbox 410 611 1544 700; baseline 0.004 -22"><span class='ocrx_word' id='word_1_10' title='bbox 410 614 527 680; x_wconf 89' lang='lat' dir='ltr'><strong>merito</strong></span> <span class='ocrx_word' id='word_1_11' title='bbox 552 613 733 692; x_wconf 90' lang='lat' dir='ltr'><strong>laudamus,</strong></span> <span class='ocrx_word' id='word_1_12' title='bbox 754 611 958 695; x_wconf 80' lang='lat' dir='ltr'><strong>exigentibus</strong></span> <span class='ocrx_word' id='word_1_13' title='bbox 990 613 1163 696; x_wconf 76' lang='lat' dir='ltr'><strong>presertim</strong></span> <span class='ocrx_word' id='word_1_14' title='bbox 1195 615 1365 700; x_wconf 88' lang='lat' dir='ltr'><strong>utriusque</strong></span> <span class='ocrx_word' id='word_1_15' title='bbox 1397 623 1544 682; x_wconf 89' lang='lat' dir='ltr'><strong>nostrum</strong></span> 
     </span>
     <span class='ocr_line' id='line_1_4' title="bbox 410 721 1546 809; baseline 0.002 -19"><span class='ocrx_word' id='word_1_16' title='bbox 410 721 561 809; x_wconf 85' lang='lat' dir='ltr'><strong>periculis</strong></span> <span class='ocrx_word' id='word_1_17' title='bbox 586 727 620 788; x_wconf 91' lang='lat' dir='ltr'><strong>et</strong></span> <span class='ocrx_word' id='word_1_18' title='bbox 643 721 897 803; x_wconf 87' lang='lat' dir='ltr'><strong>conditionibus,</strong></span> <span class='ocrx_word' id='word_1_19' title='bbox 922 729 959 787; x_wconf 90' lang='lat' dir='ltr'><strong>ut</strong></span> <span class='ocrx_word' id='word_1_20' title='bbox 984 721 1016 788; x_wconf 92' lang='lat' dir='ltr'><strong>in</strong></span> <span class='ocrx_word' id='word_1_21' title='bbox 1042 727 1135 788; x_wconf 89' lang='lat' dir='ltr'><strong>tauta</strong></span> <span class='ocrx_word' id='word_1_22' title='bbox 1164 723 1247 788; x_wconf 89' lang='lat' dir='ltr'><strong>mole</strong></span> <span class='ocrx_word' id='word_1_23' title='bbox 1279 731 1400 805; x_wconf 90' lang='lat' dir='ltr'><strong>nostra,</strong></span> <span class='ocrx_word' id='word_1_24' title='bbox 1424 731 1546 792; x_wconf 87' lang='lat' dir='ltr'><strong>cetero·</strong></span> 
     </span>
     <span class='ocr_line' id='line_1_5' title="bbox 410 827 1545 916; baseline 0 -20"><span class='ocrx_word' id='word_1_25' title='bbox 410 851 545 914; x_wconf 89' lang='lat' dir='ltr'><strong>rumque</strong></span> <span class='ocrx_word' id='word_1_26' title='bbox 561 827 812 896; x_wconf 88' lang='lat' dir='ltr'><strong>christianorum</strong></span> <span class='ocrx_word' id='word_1_27' title='bbox 829 829 1008 914; x_wconf 81' lang='lat' dir='ltr'><strong>principum</strong></span> <span class='ocrx_word' id='word_1_28' title='bbox 1033 829 1211 896; x_wconf 76' lang='lat' dir='ltr'><strong>cessatione</strong></span> <span class='ocrx_word' id='word_1_29' title='bbox 1237 830 1364 915; x_wconf 88' lang='lat' dir='ltr'><strong>aliquid</strong></span> <span class='ocrx_word' id='word_1_30' title='bbox 1390 832 1545 916; x_wconf 84' lang='lat' dir='ltr'><strong>requietis</strong></span> 
     </span>
     <span class='ocr_line' id='line_1_6' title="bbox 411 926 1545 1024; baseline 0 -20"><span class='ocrx_word' id='word_1_31' title='bbox 411 946 444 1004; x_wconf 87' lang='lat' dir='ltr'><strong>ct</strong></span> <span class='ocrx_word' id='word_1_32' title='bbox 459 926 684 1024; x_wconf 85' lang='lat' dir='ltr'><strong>respirationis</strong></span> <span class='ocrx_word' id='word_1_33' title='bbox 700 938 886 1006; x_wconf 83' lang='lat' dir='ltr'><strong>habeamus.</strong></span> <span class='ocrx_word' id='word_1_34' title='bbox 905 933 1028 1002; x_wconf 90' lang='lat' dir='ltr'><strong>Verum</strong></span> <span class='ocrx_word' id='word_1_35' title='bbox 1053 937 1096 1003; x_wconf 92' lang='lat' dir='ltr'><strong>ad</strong></span> <span class='ocrx_word' id='word_1_36' title='bbox 1112 938 1284 1004; x_wconf 88' lang='lat' dir='ltr'><strong>materiam</strong></span> <span class='ocrx_word' id='word_1_37' title='bbox 1300 941 1390 1024; x_wconf 84' lang='lat' dir='ltr'><strong>pacis</strong></span> <span class='ocrx_word' id='word_1_38' title='bbox 1406 939 1545 1006; x_wconf 85' lang='lat' dir='ltr'><strong>vidimus</strong></span> 
     </span>
     <span class='ocr_line' id='line_1_7' title="bbox 410 1039 1638 1131; baseline -0.001 -18"><span class='ocrx_word' id='word_1_39' title='bbox 410 1047 614 1113; x_wconf 89' lang='lat' dir='ltr'><strong>conditiones</strong></span> <span class='ocrx_word' id='word_1_40' title='bbox 630 1047 751 1130; x_wconf 89' lang='lat' dir='ltr'><strong>petitas</strong></span> <span class='ocrx_word' id='word_1_41' title='bbox 767 1069 827 1131; x_wconf 90' lang='lat' dir='ltr'><strong>per</strong></span> <span class='ocrx_word' id='word_1_42' title='bbox 841 1045 980 1130; x_wconf 81' lang='lat' dir='ltr'><strong>Regiam</strong></span> <span class='ocrx_word' id='word_1_43' title='bbox 997 1045 1241 1128; x_wconf 82' lang='lat' dir='ltr'><strong>Oelsitudinem,</strong></span> <span class='ocrx_word' id='word_1_44' title='bbox 1259 1047 1318 1114; x_wconf 91' lang='lat' dir='ltr'><strong>sub</strong></span> <span class='ocrx_word' id='word_1_45' title='bbox 1336 1047 1454 1130; x_wconf 89' lang='lat' dir='ltr'><strong>quibus</strong></span> <span class='ocrx_word' id='word_1_46' title='bbox 1471 1069 1545 1112; x_wconf 88' lang='lat' dir='ltr'><strong>con·</strong></span> <span class='ocrx_word' id='word_1_47' title='bbox 1630 1039 1638 1050; x_wconf 76' lang='grc'><strong>“</strong></span> 
     </span>
     <span class='ocr_line' id='line_1_8' title="bbox 411 1153 1545 1240; baseline -0.002 -18"><span class='ocrx_word' id='word_1_48' title='bbox 411 1153 592 1224; x_wconf 85' lang='lat' dir='ltr'><strong>ditionibus</strong></span> <span class='ocrx_word' id='word_1_49' title='bbox 609 1155 781 1222; x_wconf 84' lang='lat' dir='ltr'><strong>offerrente</strong></span> <span class='ocrx_word' id='word_1_50' title='bbox 797 1177 831 1220; x_wconf 89' lang='lat' dir='ltr'><strong>se</strong></span> <span class='ocrx_word' id='word_1_51' title='bbox 847 1155 1016 1222; x_wconf 79' lang='lat' dir='ltr'><strong>occasione</strong></span> <span class='ocrx_word' id='word_1_52' title='bbox 1041 1161 1073 1220; x_wconf 92' lang='lat' dir='ltr'><strong>et</strong></span> <span class='ocrx_word' id='word_1_53' title='bbox 1098 1156 1244 1239; x_wconf 90' lang='lat' dir='ltr'><strong>practica</strong></span> <span class='ocrx_word' id='word_1_54' title='bbox 1270 1155 1338 1222; x_wconf 92' lang='lat' dir='ltr'><strong>ulla</strong></span> <span class='ocrx_word' id='word_1_55' title='bbox 1363 1156 1453 1240; x_wconf 88' lang='lat' dir='ltr'><strong>pacis</strong></span> <span class='ocrx_word' id='word_1_56' title='bbox 1478 1161 1545 1220; x_wconf 84' lang='lat' dir='ltr'><strong>ute-</strong></span> 
     </span>
     <span class='ocr_line' id='line_1_9' title="bbox 411 1259 1544 1348; baseline -0.001 -18"><span class='ocrx_word' id='word_1_57' title='bbox 411 1285 492 1344; x_wconf 88' lang='lat' dir='ltr'><strong>mur,</strong></span> <span class='ocrx_word' id='word_1_58' title='bbox 509 1263 666 1330; x_wconf 82' lang='lat' dir='ltr'><strong>facultate</strong></span> <span class='ocrx_word' id='word_1_59' title='bbox 682 1262 776 1330; x_wconf 91' lang='lat' dir='ltr'><strong>uobis</strong></span> <span class='ocrx_word' id='word_1_60' title='bbox 792 1285 849 1347; x_wconf 91' lang='lat' dir='ltr'><strong>per</strong></span> <span class='ocrx_word' id='word_1_61' title='bbox 865 1261 1005 1348; x_wconf 84' lang='lat' dir='ltr'><strong>Regiam</strong></span> <span class='ocrx_word' id='word_1_62' title='bbox 1030 1259 1266 1328; x_wconf 80' lang='lat' dir='ltr'><strong>Celsitudinem</strong></span> <span class='ocrx_word' id='word_1_63' title='bbox 1294 1262 1459 1328; x_wconf 90' lang='lat' dir='ltr'><strong>attributa</strong></span> <span class='ocrx_word' id='word_1_64' title='bbox 1482 1283 1544 1347; x_wconf 92' lang='lat' dir='ltr'><strong>pro</strong></span> 
     </span>
     <span class='ocr_line' id='line_1_10' title="bbox 412 1369 1545 1456; baseline -0.004 -16"><span class='ocrx_word' id='word_1_65' title='bbox 412 1395 451 1440; x_wconf 88' lang='lat' dir='ltr'><strong>ea</strong></span> <span class='ocrx_word' id='word_1_66' title='bbox 466 1370 688 1456; x_wconf 89' lang='lat' dir='ltr'><strong>respondendi</strong></span> <span class='ocrx_word' id='word_1_67' title='bbox 714 1376 748 1436; x_wconf 91' lang='lat' dir='ltr'><strong>et</strong></span> <span class='ocrx_word' id='word_1_68' title='bbox 773 1369 987 1436; x_wconf 91' lang='lat' dir='ltr'><strong>concludendi</strong></span> <span class='ocrx_word' id='word_1_69' title='bbox 1002 1369 1125 1436; x_wconf 88' lang='lat' dir='ltr'><strong>habeat</strong></span> <span class='ocrx_word' id='word_1_70' title='bbox 1142 1375 1336 1452; x_wconf 86' lang='lat' dir='ltr'><strong>potestatem</strong></span> <span class='ocrx_word' id='word_1_71' title='bbox 1355 1371 1415 1438; x_wconf 87' lang='lat' dir='ltr'><strong>sub</strong></span> <span class='ocrx_word' id='word_1_72' title='bbox 1435 1371 1545 1438; x_wconf 86' lang='lat' dir='ltr'><strong>condi-</strong></span> 
     </span>
     <span class='ocr_line' id='line_1_11' title="bbox 410 1477 1545 1563; baseline -0.002 -17"><span class='ocrx_word' id='word_1_73' title='bbox 410 1480 567 1558; x_wconf 92' lang='lat' dir='ltr'><strong>cionibus,</strong></span> <span class='ocrx_word' id='word_1_74' title='bbox 593 1478 680 1563; x_wconf 92' lang='lat' dir='ltr'><strong>quod</strong></span> <span class='ocrx_word' id='word_1_75' title='bbox 705 1477 798 1544; x_wconf 87' lang='lat' dir='ltr'><strong>nobis</strong></span> <span class='ocrx_word' id='word_1_76' title='bbox 823 1479 1029 1563; x_wconf 85' lang='lat' dir='ltr'><strong>relinquatur</strong></span> <span class='ocrx_word' id='word_1_77' title='bbox 1046 1501 1066 1544; x_wconf 87' lang='lat' dir='ltr'><strong>a</strong></span> <span class='ocrx_word' id='word_1_78' title='bbox 1082 1478 1199 1544; x_wconf 87' lang='lat' dir='ltr'><strong>Morea</strong></span> <span class='ocrx_word' id='word_1_79' title='bbox 1215 1484 1250 1544; x_wconf 92' lang='lat' dir='ltr'><strong>et</strong></span> <span class='ocrx_word' id='word_1_80' title='bbox 1266 1478 1348 1560; x_wconf 88' lang='lat' dir='ltr'><strong>loca,</strong></span> <span class='ocrx_word' id='word_1_81' title='bbox 1367 1501 1432 1562; x_wconf 86' lang='lat' dir='ltr'><strong>que</strong></span> <span class='ocrx_word' id='word_1_82' title='bbox 1457 1481 1489 1547; x_wconf 91' lang='lat' dir='ltr'><strong>in</strong></span> <span class='ocrx_word' id='word_1_83' title='bbox 1506 1501 1545 1545; x_wconf 88' lang='lat' dir='ltr'><strong>ea</strong></span> 
     </span>
    </p>
   </div>
   <div class='ocr_carea' id='block_1_3' title="bbox 309 1585 1546 1672">
    <p class='ocr_par' dir='ltr' id='par_1_3' title="bbox 309 1585 1546 1672">
     <span class='ocr_line' id='line_1_12' title="bbox 309 1585 1546 1672; baseline -0.002 -18"><span class='ocrx_word' id='word_1_84' title='bbox 309 1587 323 1596; x_wconf 74' lang='grc'><strong>’</strong></span> <span class='ocrx_word' id='word_1_85' title='bbox 413 1588 537 1654; x_wconf 75' lang='lat' dir='ltr'><strong>Tuscus</strong></span> <span class='ocrx_word' id='word_1_86' title='bbox 561 1587 715 1671; x_wconf 84' lang='lat' dir='ltr'><strong>possidet,</strong></span> <span class='ocrx_word' id='word_1_87' title='bbox 741 1587 831 1653; x_wconf 88' lang='lat' dir='ltr'><strong>nobis</strong></span> <span class='ocrx_word' id='word_1_88' title='bbox 865 1587 1042 1672; x_wconf 79' lang='lat' dir='ltr'><strong>consignet,</strong></span> <span class='ocrx_word' id='word_1_89' title='bbox 1074 1593 1105 1651; x_wconf 91' lang='lat' dir='ltr'><strong>et</strong></span> <span class='ocrx_word' id='word_1_90' title='bbox 1137 1587 1286 1654; x_wconf 86' lang='lat' dir='ltr'><strong>similiter</strong></span> <span class='ocrx_word' id='word_1_91' title='bbox 1312 1585 1489 1654; x_wconf 84' lang='lat' dir='ltr'><strong>Civitatem</strong></span> <span class='ocrx_word' id='word_1_92' title='bbox 1514 1595 1546 1653; x_wconf 91' lang='lat' dir='ltr'><strong>et</strong></span> 
     </span>
    </p>
   </div>
   <div class='ocr_carea' id='block_1_4' title="bbox 411 1694 1546 2214">
    <p class='ocr_par' dir='ltr' id='par_1_4' title="bbox 411 1694 1546 2214">
     <span class='ocr_line' id='line_1_13' title="bbox 411 1694 1544 1779; baseline 0 -19"><span class='ocrx_word' id='word_1_93' title='bbox 411 1696 551 1762; x_wconf 90' lang='lat' dir='ltr'><strong>insulam</strong></span> <span class='ocrx_word' id='word_1_94' title='bbox 570 1695 805 1762; x_wconf 90' lang='lat' dir='ltr'><strong>Mitilenarum.</strong></span> <span class='ocrx_word' id='word_1_95' title='bbox 832 1696 954 1766; x_wconf 85' lang='lat' dir='ltr'><strong>Verum</strong></span> <span class='ocrx_word' id='word_1_96' title='bbox 981 1695 1142 1779; x_wconf 91' lang='lat' dir='ltr'><strong>quomodo</strong></span> <span class='ocrx_word' id='word_1_97' title='bbox 1167 1717 1232 1778; x_wconf 85' lang='lat' dir='ltr'><strong>pax</strong></span> <span class='ocrx_word' id='word_1_98' title='bbox 1258 1694 1444 1779; x_wconf 88' lang='lat' dir='ltr'><strong>hujusmodi</strong></span> <span class='ocrx_word' id='word_1_99' title='bbox 1461 1695 1544 1761; x_wconf 87' lang='lat' dir='ltr'><strong>diffi-</strong></span> 
     </span>
     <span class='ocr_line' id='line_1_14' title="bbox 412 1803 1546 1890; baseline -0.002 -20"><span class='ocrx_word' id='word_1_100' title='bbox 412 1803 568 1871; x_wconf 85' lang='lat' dir='ltr'><strong>cultatem</strong></span> <span class='ocrx_word' id='word_1_101' title='bbox 584 1805 698 1890; x_wconf 89' lang='lat' dir='ltr'><strong>proeul</strong></span> <span class='ocrx_word' id='word_1_102' title='bbox 715 1805 814 1872; x_wconf 92' lang='lat' dir='ltr'><strong>dubio</strong></span> <span class='ocrx_word' id='word_1_103' title='bbox 830 1811 880 1870; x_wconf 89' lang='lat' dir='ltr'><strong>est</strong></span> <span class='ocrx_word' id='word_1_104' title='bbox 897 1804 1060 1884; x_wconf 91' lang='lat' dir='ltr'><strong>habitura,</strong></span> <span class='ocrx_word' id='word_1_105' title='bbox 1077 1811 1109 1868; x_wconf 91' lang='lat' dir='ltr'><strong>et</strong></span> <span class='ocrx_word' id='word_1_106' title='bbox 1126 1804 1263 1869; x_wconf 90' lang='lat' dir='ltr'><strong>multum</strong></span> <span class='ocrx_word' id='word_1_107' title='bbox 1290 1804 1398 1887; x_wconf 79' lang='lat' dir='ltr'><strong>exiget</strong></span> <span class='ocrx_word' id='word_1_108' title='bbox 1422 1811 1546 1887; x_wconf 91' lang='lat' dir='ltr'><strong>tempo-</strong></span> 
     </span>
     <span class='ocr_line' id='line_1_15' title="bbox 411 1911 1544 1997; baseline -0.003 -20"><span class='ocrx_word' id='word_1_109' title='bbox 411 1913 466 1994; x_wconf 89' lang='lat' dir='ltr'><strong>ris,</strong></span> <span class='ocrx_word' id='word_1_110' title='bbox 483 1914 524 1978; x_wconf 91' lang='lat' dir='ltr'><strong>ad</strong></span> <span class='ocrx_word' id='word_1_111' title='bbox 541 1913 789 1996; x_wconf 89' lang='lat' dir='ltr'><strong>practieandum</strong></span> <span class='ocrx_word' id='word_1_112' title='bbox 802 1912 987 1997; x_wconf 84' lang='lat' dir='ltr'><strong>judicamus</strong></span> <span class='ocrx_word' id='word_1_113' title='bbox 1002 1911 1115 1978; x_wconf 89' lang='lat' dir='ltr'><strong>utilius</strong></span> <span class='ocrx_word' id='word_1_114' title='bbox 1140 1917 1174 1976; x_wconf 92' lang='lat' dir='ltr'><strong>et</strong></span> <span class='ocrx_word' id='word_1_115' title='bbox 1199 1911 1397 1978; x_wconf 85' lang='lat' dir='ltr'><strong>commodius</strong></span> <span class='ocrx_word' id='word_1_116' title='bbox 1418 1911 1487 1978; x_wconf 86' lang='lat' dir='ltr'><strong>lore</strong></span> <span class='ocrx_word' id='word_1_117' title='bbox 1503 1911 1544 1978; x_wconf 93' lang='lat' dir='ltr'><strong>ad</strong></span> 
     </span>
     <span class='ocr_line' id='line_1_16' title="bbox 412 2019 1545 2106; baseline -0.001 -22"><span class='ocrx_word' id='word_1_118' title='bbox 412 2020 560 2087; x_wconf 85' lang='lat' dir='ltr'><strong>inducias</strong></span> <span class='ocrx_word' id='word_1_119' title='bbox 576 2041 635 2105; x_wconf 90' lang='lat' dir='ltr'><strong>per</strong></span> <span class='ocrx_word' id='word_1_120' title='bbox 651 2020 786 2104; x_wconf 85' lang='lat' dir='ltr'><strong>aliquod</strong></span> <span class='ocrx_word' id='word_1_121' title='bbox 801 2027 929 2106; x_wconf 84' lang='lat' dir='ltr'><strong>tempus</strong></span> <span class='ocrx_word' id='word_1_122' title='bbox 945 2019 1105 2100; x_wconf 86' lang='lat' dir='ltr'><strong>devenire,</strong></span> <span class='ocrx_word' id='word_1_123' title='bbox 1121 2041 1179 2103; x_wconf 90' lang='lat' dir='ltr'><strong>per</strong></span> <span class='ocrx_word' id='word_1_124' title='bbox 1195 2041 1297 2084; x_wconf 90' lang='lat' dir='ltr'><strong>annos</strong></span> <span class='ocrx_word' id='word_1_125' title='bbox 1324 2019 1438 2084; x_wconf 89' lang='lat' dir='ltr'><strong>saltem</strong></span> <span class='ocrx_word' id='word_1_126' title='bbox 1464 2019 1545 2084; x_wconf 88' lang='lat' dir='ltr'><strong>duos</strong></span> 
     </span>
     <span class='ocr_line' id='line_1_17' title="bbox 414 2127 1545 2214; baseline -0.002 -20"><span class='ocrx_word' id='word_1_127' title='bbox 414 2151 514 2214; x_wconf 88' lang='lat' dir='ltr'><strong>usquo</strong></span> <span class='ocrx_word' id='word_1_128' title='bbox 532 2132 684 2214; x_wconf 90' lang='lat' dir='ltr'><strong>quinque,</strong></span> <span class='ocrx_word' id='word_1_129' title='bbox 701 2130 769 2194; x_wconf 88' lang='lat' dir='ltr'><strong>sive</strong></span> <span class='ocrx_word' id='word_1_130' title='bbox 785 2129 893 2212; x_wconf 90' lang='lat' dir='ltr'><strong>plures</strong></span> <span class='ocrx_word' id='word_1_131' title='bbox 910 2129 936 2192; x_wconf 87' lang='lat' dir='ltr'><strong>si</strong></span> <span class='ocrx_word' id='word_1_132' title='bbox 953 2127 1022 2193; x_wconf 88' lang='lat' dir='ltr'><strong>lieri</strong></span> <span class='ocrx_word' id='word_1_133' title='bbox 1039 2127 1170 2212; x_wconf 89' lang='lat' dir='ltr'><strong>poterit,</strong></span> <span class='ocrx_word' id='word_1_134' title='bbox 1189 2134 1224 2192; x_wconf 90' lang='lat' dir='ltr'><strong>ut</strong></span> <span class='ocrx_word' id='word_1_135' title='bbox 1249 2127 1381 2192; x_wconf 90' lang='lat' dir='ltr'><strong>interim</strong></span> <span class='ocrx_word' id='word_1_136' title='bbox 1405 2128 1545 2193; x_wconf 89' lang='lat' dir='ltr'><strong>materia</strong></span> 
     </span>
    </p>
   </div>
   <div class='ocr_carea' id='block_1_5' title="bbox 411 2233 1652 2322">
    <p class='ocr_par' dir='ltr' id='par_1_5' title="bbox 411 2233 1652 2322">
     <span class='ocr_line' id='line_1_18' title="bbox 411 2233 1652 2322; baseline -0.006 -19"><span class='ocrx_word' id='word_1_137' title='bbox 411 2239 503 2322; x_wconf 90' lang='lat' dir='ltr'><strong>pacis</strong></span> <span class='ocrx_word' id='word_1_138' title='bbox 519 2239 635 2304; x_wconf 90' lang='lat' dir='ltr'><strong>melius</strong></span> <span class='ocrx_word' id='word_1_139' title='bbox 652 2244 684 2304; x_wconf 90' lang='lat' dir='ltr'><strong>et</strong></span> <span class='ocrx_word' id='word_1_140' title='bbox 700 2237 843 2302; x_wconf 89' lang='lat' dir='ltr'><strong>habilius</strong></span> <span class='ocrx_word' id='word_1_141' title='bbox 859 2237 995 2302; x_wconf 88' lang='lat' dir='ltr'><strong>tracturi</strong></span> <span class='ocrx_word' id='word_1_142' title='bbox 1013 2242 1045 2301; x_wconf 84' lang='lat' dir='ltr'><strong>et</strong></span> <span class='ocrx_word' id='word_1_143' title='bbox 1061 2235 1175 2300; x_wconf 87' lang='lat' dir='ltr'><strong>utilius</strong></span> <span class='ocrx_word' id='word_1_144' title='bbox 1192 2233 1340 2300; x_wconf 89' lang='lat' dir='ltr'><strong>concludi</strong></span> <span class='ocrx_word' id='word_1_145' title='bbox 1366 2235 1479 2320; x_wconf 89' lang='lat' dir='ltr'><strong>possit</strong></span> <span class='ocrx_word' id='word_1_146' title='bbox 1501 2234 1544 2298; x_wconf 80' lang='lat' dir='ltr'><strong>llt</strong></span> <span class='ocrx_word' id='word_1_147' title='bbox 1649 2295 1652 2312; x_wconf 39' lang='lat'><strong>⁴</strong></span> 
     </span>
    </p>
   </div>
   <div class='ocr_carea' id='block_1_6' title="bbox 411 2343 1575 3186">
    <p class='ocr_par' dir='ltr' id='par_1_6' title="bbox 411 2343 1575 2953">
     <span class='ocr_line' id='line_1_19' title="bbox 412 2343 1543 2430; baseline -0.006 -19"><span class='ocrx_word' id='word_1_148' title='bbox 412 2347 521 2430; x_wconf 89' lang='lat' dir='ltr'><strong>placet</strong></span> <span class='ocrx_word' id='word_1_149' title='bbox 545 2347 645 2427; x_wconf 86' lang='lat' dir='ltr'><strong>nobis,</strong></span> <span class='ocrx_word' id='word_1_150' title='bbox 672 2365 844 2427; x_wconf 89' lang='lat' dir='ltr'><strong>sumusque</strong></span> <span class='ocrx_word' id='word_1_151' title='bbox 870 2344 1024 2424; x_wconf 88' lang='lat' dir='ltr'><strong>contenti,</strong></span> <span class='ocrx_word' id='word_1_152' title='bbox 1040 2347 1076 2406; x_wconf 89' lang='lat' dir='ltr'><strong>ut</strong></span> <span class='ocrx_word' id='word_1_153' title='bbox 1101 2343 1269 2408; x_wconf 85' lang='lat' dir='ltr'><strong>occasione</strong></span> <span class='ocrx_word' id='word_1_154' title='bbox 1295 2362 1365 2406; x_wconf 88' lang='lat' dir='ltr'><strong>sese</strong></span> <span class='ocrx_word' id='word_1_155' title='bbox 1386 2343 1543 2408; x_wconf 82' lang='lat' dir='ltr'><strong>offerente</strong></span> 
     </span>
     <span class='ocr_line' id='line_1_20' title="bbox 411 2449 1545 2538; baseline -0.005 -18"><span class='ocrx_word' id='word_1_156' title='bbox 411 2454 522 2538; x_wconf 77' lang='lat' dir='ltr'><strong>Regia</strong></span> <span class='ocrx_word' id='word_1_157' title='bbox 536 2452 704 2520; x_wconf 85' lang='lat' dir='ltr'><strong>Celsitudo</strong></span> <span class='ocrx_word' id='word_1_158' title='bbox 721 2452 790 2518; x_wconf 83' lang='lat' dir='ltr'><strong>Sua</strong></span> <span class='ocrx_word' id='word_1_159' title='bbox 812 2450 855 2516; x_wconf 92' lang='lat' dir='ltr'><strong>ad</strong></span> <span class='ocrx_word' id='word_1_160' title='bbox 878 2450 1066 2536; x_wconf 89' lang='lat' dir='ltr'><strong>hujusmodi</strong></span> <span class='ocrx_word' id='word_1_161' title='bbox 1091 2449 1238 2514; x_wconf 89' lang='lat' dir='ltr'><strong>inducias</strong></span> <span class='ocrx_word' id='word_1_162' title='bbox 1259 2449 1408 2515; x_wconf 81' lang='lat' dir='ltr'><strong>devenire</strong></span> <span class='ocrx_word' id='word_1_163' title='bbox 1432 2451 1545 2535; x_wconf 84' lang='lat' dir='ltr'><strong>possit,</strong></span> 
     </span>
     <span class='ocr_line' id='line_1_21' title="bbox 413 2557 1575 2648; baseline -0.002 -22"><span class='ocrx_word' id='word_1_164' title='bbox 413 2570 446 2628; x_wconf 93' lang='lat' dir='ltr'><strong>et</strong></span> <span class='ocrx_word' id='word_1_165' title='bbox 461 2585 519 2648; x_wconf 93' lang='lat' dir='ltr'><strong>pro</strong></span> <span class='ocrx_word' id='word_1_166' title='bbox 536 2583 571 2627; x_wconf 90' lang='lat' dir='ltr'><strong>se</strong></span> <span class='ocrx_word' id='word_1_167' title='bbox 588 2569 620 2626; x_wconf 91' lang='lat' dir='ltr'><strong>et</strong></span> <span class='ocrx_word' id='word_1_168' title='bbox 636 2583 696 2646; x_wconf 90' lang='lat' dir='ltr'><strong>pro</strong></span> <span class='ocrx_word' id='word_1_169' title='bbox 712 2560 805 2626; x_wconf 87' lang='lat' dir='ltr'><strong>nobis</strong></span> <span class='ocrx_word' id='word_1_170' title='bbox 821 2567 855 2625; x_wconf 92' lang='lat' dir='ltr'><strong>et</strong></span> <span class='ocrx_word' id='word_1_171' title='bbox 870 2581 929 2644; x_wconf 88' lang='lat' dir='ltr'><strong>pro</strong></span> <span class='ocrx_word' id='word_1_172' title='bbox 953 2559 1123 2642; x_wconf 87' lang='lat' dir='ltr'><strong>utriusque</strong></span> <span class='ocrx_word' id='word_1_173' title='bbox 1147 2563 1295 2624; x_wconf 82' lang='lat' dir='ltr'><strong>nostrum</strong></span> <span class='ocrx_word' id='word_1_174' title='bbox 1321 2557 1495 2642; x_wconf 81' lang='lat' dir='ltr'><strong>Colligatis</strong></span> <span class='ocrx_word' id='word_1_175' title='bbox 1512 2567 1575 2628; x_wconf 82' lang='lat' dir='ltr'><strong>ct·</strong></span> 
     </span>
     <span class='ocr_line' id='line_1_22' title="bbox 412 2665 1544 2751; baseline -0.004 -17"><span class='ocrx_word' id='word_1_176' title='bbox 412 2669 645 2735; x_wconf 87' lang='lat' dir='ltr'><strong>adherentibus</strong></span> <span class='ocrx_word' id='word_1_177' title='bbox 662 2673 695 2732; x_wconf 91' lang='lat' dir='ltr'><strong>et</strong></span> <span class='ocrx_word' id='word_1_178' title='bbox 711 2691 768 2735; x_wconf 89' lang='lat' dir='ltr'><strong>suo</strong></span> <span class='ocrx_word' id='word_1_179' title='bbox 786 2673 819 2732; x_wconf 93' lang='lat' dir='ltr'><strong>et</strong></span> <span class='ocrx_word' id='word_1_180' title='bbox 837 2674 949 2734; x_wconf 90' lang='lat' dir='ltr'><strong>nostro</strong></span> <span class='ocrx_word' id='word_1_181' title='bbox 966 2668 1094 2732; x_wconf 89' lang='lat' dir='ltr'><strong>nomine</strong></span> <span class='ocrx_word' id='word_1_182' title='bbox 1110 2667 1277 2751; x_wconf 87' lang='lat' dir='ltr'><strong>practicet,</strong></span> <span class='ocrx_word' id='word_1_183' title='bbox 1293 2665 1490 2750; x_wconf 86' lang='lat' dir='ltr'><strong>respondeat</strong></span> <span class='ocrx_word' id='word_1_184' title='bbox 1513 2673 1544 2732; x_wconf 87' lang='lat' dir='ltr'><strong>et</strong></span> 
     </span>
     <span class='ocr_line' id='line_1_23' title="bbox 413 2775 1544 2862; baseline -0.002 -21"><span class='ocrx_word' id='word_1_185' title='bbox 413 2777 570 2844; x_wconf 86' lang='lat' dir='ltr'><strong>deveniat</strong></span> <span class='ocrx_word' id='word_1_186' title='bbox 587 2776 673 2843; x_wconf 88' lang='lat' dir='ltr'><strong>Nam</strong></span> <span class='ocrx_word' id='word_1_187' title='bbox 690 2798 813 2860; x_wconf 89' lang='lat' dir='ltr'><strong>nosque</strong></span> <span class='ocrx_word' id='word_1_188' title='bbox 829 2775 890 2840; x_wconf 90' lang='lat' dir='ltr'><strong>hac</strong></span> <span class='ocrx_word' id='word_1_189' title='bbox 905 2776 1018 2842; x_wconf 88' lang='lat' dir='ltr'><strong>eadem</strong></span> <span class='ocrx_word' id='word_1_190' title='bbox 1034 2781 1196 2862; x_wconf 87' lang='lat' dir='ltr'><strong>potestate</strong></span> <span class='ocrx_word' id='word_1_191' title='bbox 1222 2799 1280 2860; x_wconf 89' lang='lat' dir='ltr'><strong>per</strong></span> <span class='ocrx_word' id='word_1_192' title='bbox 1297 2777 1396 2844; x_wconf 83' lang='lat' dir='ltr'><strong>Suam</strong></span> <span class='ocrx_word' id='word_1_193' title='bbox 1423 2777 1544 2861; x_wconf 89' lang='lat' dir='ltr'><strong>Majes-</strong></span> 
     </span>
     <span class='ocr_line' id='line_1_24' title="bbox 412 2883 1022 2953; baseline 0.002 -4"><span class='ocrx_word' id='word_1_194' title='bbox 412 2893 514 2953; x_wconf 90' lang='lat' dir='ltr'><strong>tatem</strong></span> <span class='ocrx_word' id='word_1_195' title='bbox 531 2907 682 2951; x_wconf 89' lang='lat' dir='ltr'><strong>concessa</strong></span> <span class='ocrx_word' id='word_1_196' title='bbox 697 2885 746 2952; x_wconf 93' lang='lat' dir='ltr'><strong>uti</strong></span> <span class='ocrx_word' id='word_1_197' title='bbox 762 2883 1022 2951; x_wconf 88' lang='lat' dir='ltr'><strong>deliberavimus.</strong></span> 
     </span>
    </p>

    <p class='ocr_par' dir='ltr' id='par_1_7' title="bbox 411 2991 1540 3186">
     <span class='ocr_line' id='line_1_25' title="bbox 520 2991 1539 3076; baseline -0.003 -17"><span class='ocrx_word' id='word_1_198' title='bbox 520 2993 592 3059; x_wconf 90' lang='lat' dir='ltr'><strong>Hec</strong></span> <span class='ocrx_word' id='word_1_199' title='bbox 615 2994 724 3058; x_wconf 90' lang='lat' dir='ltr'><strong>omnia</strong></span> <span class='ocrx_word' id='word_1_200' title='bbox 748 2993 853 3074; x_wconf 79' lang='lat' dir='ltr'><strong>Regia</strong></span> <span class='ocrx_word' id='word_1_201' title='bbox 877 2991 1049 3076; x_wconf 84' lang='lat' dir='ltr'><strong>Majestati</strong></span> <span class='ocrx_word' id='word_1_202' title='bbox 1081 2991 1289 3059; x_wconf 87' lang='lat' dir='ltr'><strong>notificabitis</strong></span> <span class='ocrx_word' id='word_1_203' title='bbox 1321 2999 1355 3059; x_wconf 90' lang='lat' dir='ltr'><strong>ct</strong></span> <span class='ocrx_word' id='word_1_204' title='bbox 1385 2993 1425 3060; x_wconf 90' lang='lat' dir='ltr'><strong>de</strong></span> <span class='ocrx_word' id='word_1_205' title='bbox 1454 2993 1539 3059; x_wconf 90' lang='lat' dir='ltr'><strong>omni</strong></span> 
     </span>
     <span class='ocr_line' id='line_1_26' title="bbox 411 3098 1540 3186; baseline -0.002 -20"><span class='ocrx_word' id='word_1_206' title='bbox 411 3123 520 3168; x_wconf 89' lang='lat' dir='ltr'><strong>rerum</strong></span> <span class='ocrx_word' id='word_1_207' title='bbox 535 3121 681 3167; x_wconf 84' lang='lat' dir='ltr'><strong>successu</strong></span> <span class='ocrx_word' id='word_1_208' title='bbox 698 3100 738 3166; x_wconf 91' lang='lat' dir='ltr'><strong>de</strong></span> <span class='ocrx_word' id='word_1_209' title='bbox 753 3098 806 3164; x_wconf 88' lang='lat' dir='ltr'><strong>die</strong></span> <span class='ocrx_word' id='word_1_210' title='bbox 822 3100 855 3164; x_wconf 94' lang='lat' dir='ltr'><strong>in</strong></span> <span class='ocrx_word' id='word_1_211' title='bbox 871 3099 957 3167; x_wconf 92' lang='lat' dir='ltr'><strong>diem</strong></span> <span class='ocrx_word' id='word_1_212' title='bbox 972 3122 1031 3168; x_wconf 87' lang='lat' dir='ltr'><strong>uos</strong></span> <span class='ocrx_word' id='word_1_213' title='bbox 1054 3101 1210 3168; x_wconf 88' lang='lat' dir='ltr'><strong>certiores</strong></span> <span class='ocrx_word' id='word_1_214' title='bbox 1234 3123 1293 3186; x_wconf 88' lang='lat' dir='ltr'><strong>per</strong></span> <span class='ocrx_word' id='word_1_215' title='bbox 1317 3099 1443 3168; x_wconf 86' lang='lat' dir='ltr'><strong>veloces</strong></span> <span class='ocrx_word' id='word_1_216' title='bbox 1472 3122 1540 3168; x_wconf 89' lang='lat' dir='ltr'><strong>cur-</strong></span> 
     </span>
    </p>
   </div>
   <div class='ocr_carea' id='block_1_7' title="bbox 413 3210 935 3400">
    <p class='ocr_par' dir='ltr' id='par_1_8' title="bbox 413 3210 935 3400">
     <span class='ocr_line' id='line_1_27' title="bbox 413 3210 625 3275; baseline -0.009 -1"><span class='ocrx_word' id='word_1_217' title='bbox 413 3230 504 3275; x_wconf 86' lang='lat' dir='ltr'><strong>sores</strong></span> <span class='ocrx_word' id='word_1_218' title='bbox 519 3210 625 3275; x_wconf 89' lang='lat' dir='ltr'><strong>facite.</strong></span> 
     </span>
     <span class='ocr_line' id='line_1_28' title="bbox 519 3317 935 3400; baseline -0.002 -17"><span class='ocrx_word' id='word_1_219' title='bbox 519 3317 571 3383; x_wconf 90' lang='lat' dir='ltr'><strong>De</strong></span> <span class='ocrx_word' id='word_1_220' title='bbox 587 3321 683 3400; x_wconf 89' lang='lat' dir='ltr'><strong>parte</strong></span> <span class='ocrx_word' id='word_1_221' title='bbox 703 3319 745 3381; x_wconf 79' lang='lat'><strong>53</strong></span> <span class='ocrx_word' id='word_1_222' title='bbox 792 3351 834 3363; x_wconf 94' lang='lat'><strong>—-</strong></span> <span class='ocrx_word' id='word_1_223' title='bbox 882 3321 935 3382; x_wconf 83' lang='grc'><strong>57.</strong></span> 
     </span>
    </p>
   </div>
   <div class='ocr_carea' id='block_1_8' title="bbox 413 3479 841 3686">
    <p class='ocr_par' dir='ltr' id='par_1_9' title="bbox 413 3479 841 3686">
     <span class='ocr_line' id='line_1_29' title="bbox 415 3479 779 3566; baseline -0.008 -17"><span class='ocrx_word' id='word_1_224' title='bbox 415 3490 433 3549; x_wconf 74' lang='grc'><strong>7</strong></span> <span class='ocrx_word' id='word_1_225' title='bbox 451 3481 626 3566; x_wconf 84' lang='lat' dir='ltr'><strong>Sapientes</strong></span> <span class='ocrx_word' id='word_1_226' title='bbox 642 3479 779 3564; x_wconf 80' lang='lat' dir='ltr'><strong>Consilij</strong></span> 
     </span>
     <span class='ocr_line' id='line_1_30' title="bbox 413 3583 841 3686; baseline -0.005 -32"><span class='ocrx_word' id='word_1_227' title='bbox 413 3593 434 3654; x_wconf 86' lang='lat'>4</span> <span class='ocrx_word' id='word_1_228' title='bbox 530 3613 544 3649; x_wconf 72' lang='lat' dir='ltr'><strong>a</strong></span> <span class='ocrx_word' id='word_1_229' title='bbox 637 3583 841 3686; x_wconf 47' lang='lat' dir='ltr'><strong>Ordinum-</strong></span> 
     </span>
    </p>
   </div>
   <div class='ocr_carea' id='block_1_9' title="bbox 416 3681 1268 3798">
    <p class='ocr_par' dir='ltr' id='par_1_10' title="bbox 416 3681 1268 3798">
     <span class='ocr_line' id='line_1_31' title="bbox 416 3681 1268 3798; baseline -0.005 -19"><span class='ocrx_word' id='word_1_230' title='bbox 416 3681 1268 3798; x_wconf 37' lang='lat' dir='ltr'><strong>*sesama-mane.</strong></span> 
     </span>
    </p>
   </div>
   <div class='ocr_carea' id='block_1_10' title="bbox 521 3877 988 3942">
    <p class='ocr_par' dir='ltr' id='par_1_11' title="bbox 521 3877 988 3942">
     <span class='ocr_line' id='line_1_32' title="bbox 521 3877 988 3942; baseline -0.004 -14"><span class='ocrx_word' id='word_1_231' title='bbox 521 3877 675 3939; x_wconf 82' lang='lat' dir='ltr'><strong>(Velenczei</strong></span> <span class='ocrx_word' id='word_1_232' title='bbox 687 3877 869 3942; x_wconf 73' lang='lat' dir='ltr'><strong>allamkduyv</strong></span> <span class='ocrx_word' id='word_1_233' title='bbox 885 3879 943 3926; x_wconf 88' lang='grc'><strong>177.</strong></span> <span class='ocrx_word' id='word_1_234' title='bbox 958 3877 988 3937; x_wconf 91' lang='lat'><strong>1.)</strong></span> 
     </span>
    </p>
   </div>
   <div class='ocr_carea' id='block_1_11' title="bbox 898 4163 1058 4176">
    <p class='ocr_par' dir='ltr' id='par_1_12' title="bbox 898 4163 1058 4176">
     <span class='ocr_line' id='line_1_33' title="bbox 898 4163 1058 4176; baseline -0.006 -3"><span class='ocrx_word' id='word_1_235' title='bbox 898 4163 1058 4176; x_wconf 46' lang='grc' dir='ltr'><strong>ι*-</strong></span> 
     </span>
    </p>
   </div>
   <div class='ocr_carea' id='block_1_12' title="bbox 0 0 1674 5276">
    <p class='ocr_par' dir='ltr' id='par_1_13' title="bbox 0 0 1674 5276">
     <span class='ocr_line' id='line_1_34' title="bbox 0 0 1674 5276; baseline 0 0"><span class='ocrx_word' id='word_1_236' title='bbox 0 0 1674 5276; x_wconf 95' lang='lat' dir='ltr'><strong> </strong></span> 
     </span>
    </p>
   </div>
  </div>
 </body>
</html>
