3356 5266
694 329 789 392 1469.
1242 331 1304 392 las

167 499 248 565 lium
258 522 436 584 numerum,
446 507 483 568 ut
491 525 557 570 una
568 526 641 571 oum
653 505 704 572 his
714 503 866 590 gentibus
876 504 1017 570 hostium
1030 505 1214 590 ingressum
1224 512 1294 574 tam

166 608 201 673 in
209 609 354 694 Istriana,
364 634 462 695 quam
470 614 503 679 in
513 616 655 698 patriam
664 615 865 694 cohiberent,
875 621 908 678 et
918 613 1000 680 alias
1009 613 1153 698 fecimus,
1166 614 1299 681 iacturi-

168 741 233 802 que
243 742 353 787 sumus
365 723 398 786 in
409 720 477 786 dies
488 721 662 788 validiores
673 721 882 805 provisiones,
892 726 929 786 nt
938 721 1138 805 perfidorum
1160 721 1302 790 hostium

167 833 314 906 conatus,
330 830 387 912 qui
402 829 556 894 citissime
572 829 614 894 sd
625 828 745 895 damna
760 833 874 894 nostra
889 828 1027 894 redituri
1044 836 1128 910 sunt,
1144 829 1300 915 frustrarj

166 940 338 1020 possimus.
356 935 472 1022 Neque
488 943 616 1004 tantum
631 939 723 1004 nobis
738 960 868 1004 necesse
894 945 944 1002 est
969 939 1082 1004 tutelle
1109 945 1143 1003 et
1166 959 1297 1004 conser-

166 1047 293 1112 vationi
318 1046 461 1112 locorum
498 1052 532 1111 et
556 1045 760 1112 subditorum
795 1052 981 1112 nostrorum
1013 1047 1208 1130 prospicere,
1241 1044 1301 1111 sed

166 1156 268 1220 etiam
285 1154 522 1221 conservationi
547 1155 691 1220 locorum
716 1160 750 1219 et
775 1153 982 1220 dominorum
1008 1155 1177 1220 nobiscum
1204 1155 1302 1220 finiti-

166 1283 303 1328 morum.
327 1262 368 1328 B.
383 1263 531 1347 predicta
546 1284 607 1346 pro
625 1265 695 1348 ejus
712 1263 872 1346 singulari
897 1263 1075 1347 prudentia
1101 1265 1222 1348 optime
1253 1264 1301 1328 in·

165 1371 289 1454 telligit
312 1370 438 1455 pondus
463 1370 558 1456 hujus
584 1373 640 1454 rei,
665 1377 699 1435 et
723 1375 835 1454 preter
855 1357 1021 1455 jacturam
1038 1369 1300 1454 irreparabilem,

166 1481 283 1561 quanti
298 1482 398 1546 etiam
414 1479 580 1546 dedecoris
597 1487 631 1546 et
645 1479 778 1546 infamio
793 1479 888 1545 nobis
904 1483 1000 1561 esset,
1028 1480 1056 1545 si
1072 1475 1173 1544 Turoi
1189 1479 1223 1544 in
1254 1479 1303 1544 di·

166 1588 290 1654 tionem
315 1597 458 1656 nostram
483 1590 639 1672 venirent,
663 1609 787 1670 nosque
812 1589 993 1671 imparatos
1020 1585 1233 1668 offenderent,
1261 1593 1296 1652 et

165 1715 225 1780 per
235 1695 416 1762 secordiam
431 1703 465 1762 et
474 1697 691 1779 ignorantiam
707 1697 890 1780 provincias
906 1701 1037 1762 nostras
1049 1696 1297 1780 depopularent,

165 1811 204 1868 ut
217 1804 376 1888 proximis
392 1803 506 1869 diebus
522 1804 668 1870 lecerunt
683 1805 716 1868 in
732 1804 812 1870 locis
829 1805 951 1884 ricinis,
967 1825 1006 1868 ex
1023 1801 1140 1886 quibus
1167 1803 1298 1869 anima·

164 1933 239 1977 rum
263 1932 432 1978 nnmerum
458 1935 557 1997 supra
581 1934 709 1980 omnem
734 1911 830 1976 fidem
855 1910 1003 1994 abegisse
1028 1911 1215 1976 nuntiatum
1239 1917 1298 1976 est.

275 2075 429 2136 (Velencaei
442 2075 623 2140 ausmkonyv
637 2079 670 2126 32
690 2076 720 2139 l.)

709 2529 762 2591 84.

164 2711 262 2774 1469.
278 2710 433 2775 Ballotur
451 2705 588 2791 Kriatdf
600 2710 759 2792 kdvetedpi
767 2709 919 2794 jeleotdse
930 2733 951 2773 a
963 2707 1296 2794 mildodifejedelem-

239 2821 293 2883 bez
309 2842 330 2883 a
347 2817 438 2884 toret
455 2817 607 2904 ttqyelerdl
625 2818 658 2880 έε
673 2841 694 2880 a
710 2819 937 2902 mappae-caelu
964 2817 1148 2882 bdborairdl.
1163 2815 1218 2880 etb.

271 3013 323 3078 Ex
341 3011 459 3079 Gratia
475 3012 527 3076 die
547 3017 596 3076 13.
612 3010 696 3096 Jullj
717 3015 812 3076 1469.
838 3010 1041 3078 cristoforus
1068 3013 1107 3077 de
1133 3011 1293 3078 Bollatus.

162 3123 273 3188 Ill-mo
289 3129 323 3186 et
337 3123 473 3188 Ero-mo
490 3119 609 3204 Signor
625 3123 699 3186 mio.
717 3117 820 3185 Oomo
836 3142 895 3204 per
916 3120 1023 3186 l'altre
1039 3121 1102 3185 mie
1114 3120 1167 3184 del
1177 3119 1294 3186 ultimo

160 3231 216 3296 del
230 3237 365 3314 passato
381 3231 497 3296 scrisse
514 3231 568 3295 ala
585 3229 706 3296 Vostra
722 3228 935 3309 Excellentia,
951 3251 1008 3295 era
1033 3229 1066 3292 in
1092 3229 1244 3314 pratioha
1260 3228 1294 3293 di

160 3339 280 3405 harere
296 3337 454 3404 audienua
470 3337 524 3401 del
541 3335 757 3402 Serenissimo
774 3337 987 3421 Imperatore,
1003 3337 1127 3404 benohe
1144 3359 1210 3421 qua
1225 3360 1290 3404 non

158 3445 246 3512 losse
263 3447 291 3510 el
309 3445 457 3514 Vescovo
474 3444 559 3510 della
575 3445 768 3525 Levantina‚
788 3467 829 3510 ne
854 3444 962 3530 quello
989 3445 1074 3511 altro
1101 3445 1141 3513 de
1167 3443 1289 3528 Goreh,

160 3554 253 3637 quali
278 3575 398 3620 ancora
422 3575 487 3618 non
514 3573 592 3618 sono
618 3555 739 3618 venuti.
767 3551 864 3619 Siche
890 3552 959 3619 Sua
982 3553 1114 3630 Maesta
1131 3555 1176 3621 ali
1193 3561 1222 3620 5.
1240 3555 1293 3620 del

159 3669 311 3746 presente
327 3684 377 3728 me
393 3661 462 3727 fece
479 3661 556 3744 dire,
572 3661 633 3726 ohe
649 3661 758 3744 quello
774 3661 808 3726 di
824 3664 957 3745 proprio
983 3663 1017 3728 la
1033 3685 1083 3730 me
1110 3664 1221 3729 voleva
1247 3663 1292 3728 ol-

158 3770 241 3852 dire,
257 3791 274 3835 e
290 3771 350 3836 che
366 3792 417 3836 me
433 3791 474 3834 ne
490 3773 677 3853 expectasse
694 3770 727 3834 al
742 3770 876 3853 albergo
892 3771 966 3854 mio,
992 3771 1110 3856 perche
1126 3771 1293 3838 manderia

158 3901 220 3962 per
253 3900 313 3959 me,
340 3878 446 3944 allora
471 3879 518 3962 gli
544 3898 684 3960 paresne.
710 3875 807 3943 Unde
833 3880 981 3962 expectai
1010 3886 1081 3946 tuto
1110 3881 1141 3945 el
1167 3880 1201 3945 di
1226 3880 1291 3945 fino

157 3988 211 4053 ale
227 3994 346 4070 quatro
362 3988 440 4052 hore
458 3987 497 4052 de
513 3993 616 4068 nocte,
632 3987 685 4051 nel
702 3987 780 4069 qual
795 3993 905 4071 tempo
922 4011 1001 4054 vene
1018 3988 1049 4053 el
1066 3986 1171 4054 Gonte
1182 3989 1289 4054 Buar·

158 4095 237 4161 diuo
254 4095 287 4160 di
303 4094 441 4160 Oroatia
458 4115 478 4159 a
497 4094 601 4159 dirme
617 4114 674 4177 per
689 4100 784 4178 parte
801 4095 836 4160 di
852 4093 920 4161 Sua
936 4097 1078 4178 Maesta,
1100 4097 1159 4160 che
1179 4095 1212 4160 la
1229 4116 1292 4160 non

156 4203 262 4270 harea
277 4211 392 4288 potute
408 4203 538 4268 oldirmi
550 4223 608 4286 per
624 4204 738 4268 alcune
756 4204 973 4286 occupationi,
989 4204 1036 4287 gli
1052 4225 1151 4269 erano
1179 4224 1290 4287 sopra-

158 4319 272 4392 zonte3
289 4333 343 4376 ma
359 4311 430 4376 chel
447 4313 595 4393 proximo
607 4310 641 4375 di
656 4311 700 4376 ad
716 4313 803 4376 omni
819 4310 914 4376 modo
932 4333 982 4376 me
1000 4309 1093 4378 daria
1108 4312 1255 4393 udienza,
1271 4332 1288 4375 e

159 4423 228 4488 cosi
254 4421 305 4486 ale
322 4441 396 4485 sere
412 4421 453 4488 de
463 4426 581 4504 questo
593 4421 701 4504 anday
717 4419 762 4484 da
772 4418 840 4486 Sua
849 4420 990 4502 Maesta,
1000 4421 1034 4486 la
1044 4419 1141 4505 quale
1152 4441 1203 4486 me
1220 4441 1293 4504 por·

154 4529 241 4596 zela
256 4551 362 4610 mane,
377 4550 394 4593 e
411 4528 507 4611 volae,
533 4529 593 4594 che
619 4529 652 4592 lo
677 4528 842 4595 cavallaro
868 4551 886 4594 e
911 4529 936 4594 li
961 4527 1090 4613 iamigli
1116 4529 1292 4595 intrassino

196 4667 298 4704 1011111.
315 4665 398 4703 nuno.
414 4665 481 4703 mar.
499 4670 543 4686 ·““
560 4665 631 4701 ΛΟΜ
648 4665 709 4700 ΠΤ.
725 4664 752 4700 V.
1161 4658 1175 4705 9
