3340 5260
653 341 747 406 1470.
1208 341 1270 404 185

138 523 169 581 et
187 517 402 586 audacissime
418 519 570 604 utrinque
588 517 809 602 pugnantibus
825 539 885 602 per
901 517 986 584 diem
1006 517 1098 583 illum
1118 524 1222 585 totum
1240 524 1274 586 et

137 628 362 711 insequentem
389 635 516 696 noctem
542 628 681 710 duravit,
703 635 736 694 ot
761 626 894 693 tandem
920 627 1149 712 superantibus
1174 629 1274 695 hosti-

139 735 209 819 bus,
226 743 261 801 ut
287 738 343 821 qui
360 738 541 804 incredibili
567 759 701 804 numero
727 759 763 802 ex
791 739 879 803 omui
905 738 1072 821 provincia
1098 743 1131 802 et
1153 738 1274 804 ditione

137 851 207 908 tum
224 846 381 928 proxima,
398 853 466 912 tum
483 847 663 931 longinqua
689 853 906 912 convenerant
931 846 973 911 ad
1002 867 1169 911 numerum
1186 846 1274 912 circa

137 955 269 1016 centum
302 953 543 1038 quinquaginta
578 954 715 1019 millium
742 959 776 1018 et
801 953 947 1018 inhoras
972 954 1077 1036 magis
1108 976 1146 1019 ac
1170 955 1274 1038 magis

135 1062 332 1127 instauratis
357 1063 480 1128 viribus
508 1062 599 1128 noris
626 1084 755 1147 semper
781 1068 813 1126 et
836 1061 1021 1127 recentibus
1046 1062 1274 1148 multiplicatis

137 1170 441 1254 oppugnatoribus,
465 1172 586 1238 nostris
622 1177 741 1255 autem,
766 1173 822 1255 qui
847 1171 880 1236 in
915 1170 996 1237 urbe
1022 1179 1125 1255 erant,
1154 1174 1272 1238 sensim

136 1287 251 1362 morte,
267 1280 453 1347 vulneribus
470 1288 503 1346 et
519 1281 708 1346 lassitudine
733 1280 968 1362 deficientibus,
992 1281 1115 1364 potitus
1141 1289 1190 1347 est
1205 1289 1274 1347 tru-

136 1387 380 1455 culentissimus
406 1389 509 1456 hostis
535 1389 681 1454 menibus
708 1390 799 1472 prius
834 1393 867 1453 et
897 1389 1152 1472 propugnaculis
1183 1391 1273 1456 urbis

135 1496 220 1560 hora
234 1499 339 1580 prima
356 1498 419 1564 diei
437 1497 522 1581 XII,
537 1497 651 1564 urbem
662 1519 738 1562 vero
759 1501 861 1562 totam
878 1495 1039 1580 gradatim
1066 1505 1099 1562 et
1114 1499 1166 1564 via
1183 1505 1273 1564 carte

136 1611 176 1668 ut
192 1605 238 1668 ita
255 1605 441 1690 dixerimus,
456 1609 511 1690 qui
529 1627 641 1672 omnes
658 1606 831 1672 cancellati
848 1612 881 1670 et
897 1604 1021 1670 sbarati
1038 1611 1140 1690 erant,
1156 1613 1187 1671 et
1204 1607 1272 1672 ubi-

136 1734 203 1794 que
229 1713 338 1778 miseri
373 1715 457 1780 cives
489 1735 596 1780 mares
622 1723 655 1780 et
680 1714 807 1796 femine,
834 1714 926 1797 gravi
951 1713 1064 1779 adulta
1096 1723 1129 1780 et
1158 1722 1273 1780 tenera

137 1827 228 1886 etate
245 1823 306 1887 riri
322 1829 391 1888 tam
412 1824 505 1888 multi
532 1823 794 1906 trucidabantur,
819 1820 961 1888 obtinuit
985 1824 1071 1888 circa
1097 1845 1273 1908 vesperam,

137 1951 200 1995 nec
216 1937 328 1996 tamen
344 1931 418 1996 finis
435 1933 541 1997 sactus
558 1939 608 1997 est
628 1932 847 2011 trucidatioui,
874 1931 930 1997 sed
954 1939 1194 2015 perseveratum
1223 1941 1273 1998 est

136 2039 300 2122 usquead
317 2039 466 2106 ultimam
484 2041 742 2107 interemtionem
759 2041 902 2107 omnium
927 2039 996 2105 fere
1022 2043 1156 2126 majoris
1175 2061 1272 2106 anno-

138 2169 212 2211 rum
230 2150 329 2212 etatis
346 2146 392 2212 X.
407 2149 440 2214 N
443 2172 478 2214 ee
494 2157 603 2214 tamen
621 2150 706 2214 hosti
730 2150 902 2214 incruenta
926 2147 1062 2216 victoria
1078 2149 1158 2232 fuit,
1183 2173 1272 2235 mag·

135 2275 199 2318 nus
216 2255 300 2319 enim
318 2277 451 2321 suorum
468 2279 621 2322 numerus
646 2258 769 2322 occisus
786 2263 843 2340 est,
861 2257 1007 2321 nonnulli
1031 2279 1070 2323 ex
1085 2260 1272 2324 triremibus

136 2363 206 2425 suis
222 2362 411 2429 bombardis
428 2364 526 2430 fracti
543 2371 576 2429 et
593 2366 761 2430 summersi
785 2363 886 2444 suere,
911 2373 944 2429 et
969 2367 1088 2448 partim
1110 2369 1182 2451 igne
1199 2389 1272 2433 eon·

137 2470 273 2552 sumpti.
301 2470 368 2536 Hic
383 2479 420 2537 ut
440 2473 513 2537 finis
530 2474 693 2538 miserime
718 2472 805 2537 illius
821 2473 963 2538 civitatis
988 2473 1059 2558 fuit,
1084 2476 1131 2540 ita
1155 2477 1272 2559 princi·

137 2578 228 2662 pium
245 2583 294 2643 est
310 2580 493 2662 ingentium
509 2581 677 2646 malorum.
695 2579 857 2648 Volumus
876 2582 985 2665 igilur,
1001 2580 1157 2664 vobisque
1183 2605 1273 2649 mau-

137 2685 318 2769 damnant
335 2687 445 2754 subito
461 2709 532 2754 esse
549 2689 694 2755 debeatis
721 2712 794 2755 cum
810 2689 1020 2755 Beatitudine
1047 2689 1171 2756 Summi
1186 2691 1272 2758 Pon·

133 2790 235 2858 tificis
266 2801 297 2859 et
329 2795 400 2879 ejus
424 2797 632 2863 Beatitudini
664 2797 837 2863 declaretis
864 2797 1029 2864 Turcbum
1061 2803 1207 2864 eternum
1239 2807 1273 2867 et

134 2903 379 2986 implacabilem
396 2905 522 2970 hostem
539 2927 741 2991 expugnasse
765 2929 830 2973 non
847 2908 949 2973 solum
966 2909 1143 2993 simplicem
1160 2931 1273 2994 quam·

133 3011 226 3094 piam
257 3010 511 3079 christianorum
545 3015 658 3080 urbem
683 3023 714 3080 et
739 3016 888 3098 insulam,
924 3038 987 3101 que
1012 3017 1155 3102 proprijs
1182 3025 1272 3083 terra

136 3117 264 3202 opibus,
281 3141 425 3204 numero,
440 3124 570 3207 populo,
587 3125 771 3208 ceterisque
789 3125 930 3210 egregijs
948 3125 1187 3193 conditionibus
1203 3127 1273 3210 plu-

132 3225 256 3290 rimum
272 3229 489 3297 existimanda
514 3231 575 3314 sit;
602 3232 660 3298 sed
686 3232 825 3316 clipeum
850 3240 884 3297 et
909 3235 1189 3317 propugnaculum
1207 3255 1272 3300 om-

132 3336 227 3399 nium
244 3335 497 3405 christianorum
514 3339 691 3425 debelasse‚
710 3343 940 3425 aperuisseque
961 3341 1023 3407 sibi
1041 3343 1134 3424 viam,
1160 3364 1271 3409 omnes

133 3443 292 3527 dejecisse
318 3445 436 3528 obices,
461 3447 505 3512 ad
530 3449 757 3531 invadendam,
783 3449 1100 3535 oppugnandamque
1126 3457 1158 3516 et
1177 3451 1272 3518 dirri-

134 3551 292 3636 piendam
308 3554 444 3620 Italiam
460 3557 575 3640 ipsam.
591 3557 663 3624 Hec
688 3559 798 3623 omnia
824 3559 1011 3624 distinctius
1037 3559 1224 3643 scripsimus
1240 3567 1273 3627 et

132 3661 329 3728 minutatius
346 3667 565 3732 recensuimus
590 3667 737 3750 pericula
761 3667 932 3732 iminentia
957 3674 990 3732 et
1006 3667 1125 3748 clades,
1142 3671 1273 3735 calami·

134 3775 290 3854 tatesque
307 3771 598 3858 impendentesper
614 3776 707 3841 binas
723 3783 905 3860 postremas
922 3777 1046 3859 literas,
1062 3799 1145 3862 quas
1162 3777 1273 3843 imme·

132 3877 224 3942 diate
243 3877 364 3944 alteras
381 3889 455 3963 post
472 3882 592 3948 alteras
608 3885 767 3967 recepisse
789 3884 924 3950 debetis.
941 3881 986 3968 (A
1003 3887 1082 3951 level
1108 3887 1273 3953 bovelkezo'

128 3987 349 4074 folyamdbon
366 3991 472 4079 aepelp
488 3994 638 4078 beroldo).

246 4133 290 4142 -
337 4094 381 4179 ΔΓ
431 4101 492 4163 193
539 4139 583 4148 -
631 4105 650 4164 o
698 4141 741 4148 -
789 4109 817 4166 o.

247 4256 405 4316 (Voleuczei
418 4261 605 4328 allamkcnyv,
622 4268 681 4314 127.
695 4265 732 4325 l.).
