3336 5258
361 247 428 310 408
466 297 469 310 .
721 266 958 314 ursaonaezmr
974 255 1145 316 anabuns.

363 423 424 490 sub
439 423 544 492 literis
560 428 681 493 nostris
698 428 961 514 credentialibus,
976 453 1058 518 quas
1073 431 1135 498 tibi
1151 431 1224 502 dari
1235 435 1406 519 jussimus,
1421 438 1498 518 post

363 535 523 601 humanas
540 535 756 603 salutationes
772 559 900 622 expone
926 544 1040 606 nostro
1066 540 1204 624 nomine,
1222 541 1310 626 quod
1336 544 1423 608 inter
1438 541 1504 608 Re-

364 645 452 729 giam
468 644 680 730 Majestatem
697 651 731 711 et
746 653 898 713 nostrum
914 647 1105 714 Dominium
1121 671 1248 735 semper
1263 649 1327 716 fuit
1348 651 1456 717 solida
1471 659 1505 716 et

364 774 443 820 vera
459 755 615 837 amicitia,
632 761 666 820 et
681 774 721 820 ex
736 755 841 821 latere
858 763 971 823 nostro
996 763 1158 842 perpetua
1180 757 1294 825 futura
1319 765 1379 826 est.
1407 757 1505 843 Quod

365 863 571 950 plurifariam
586 864 728 948 intelligi
753 865 870 948 potuit,
886 867 943 932 sed
968 866 1031 932 hoc
1055 866 1140 932 inter
1155 865 1284 952 reliqua
1307 875 1505 952 argumenta

367 975 460 1057 signo
477 973 587 1040 valido
604 977 637 1039 et
652 972 793 1053 efifioaci,
812 975 903 1058 quod
917 975 952 1042 in
966 975 1066 1042 rebus
1083 973 1240 1044 Orovacie
1260 999 1429 1062 nunquam
1445 999 1505 1043 nos

367 1084 528 1150 voluimus
552 1083 719 1168 impedire,
744 1083 891 1168 quamvis
916 1107 982 1150 non
1007 1084 1179 1166 defuerint,
1207 1085 1264 1170 qui
1287 1086 1506 1154 diversimode

368 1193 464 1259 aliter
479 1194 679 1278 quesiuerint
694 1198 728 1259 et
743 1195 950 1276 tentaverint,
967 1195 1130 1281 quomodo
1155 1197 1253 1279 longe
1268 1196 1373 1281 magis
1399 1196 1507 1261 existi-

369 1303 525 1370 mavimus
556 1303 696 1387 Regiam
713 1302 994 1388 benivolentiam,
1025 1327 1122 1389 quam
1153 1306 1256 1371 ullam
1288 1306 1389 1372 aliam
1420 1327 1507 1386 rem;

371 1412 585 1479 abstinuimus
602 1413 704 1495 igitur
720 1412 762 1479 ab
778 1413 866 1478 omni
882 1414 1051 1498 provincia
1067 1413 1217 1498 predicta
1227 1434 1329 1496 usque
1346 1414 1381 1478 in
1399 1413 1505 1496 ripam

372 1523 480 1604 maris,
496 1519 556 1598 ubi
568 1520 649 1586 fines
675 1521 894 1587 extenduntur
919 1524 1034 1604 nostri,
1050 1527 1083 1588 et
1100 1521 1208 1605 siquid
1224 1523 1366 1587 antebac
1391 1520 1508 1586 fecisse

372 1631 433 1696 visi
450 1651 560 1695 sumus
575 1630 609 1693 in
624 1628 768 1694 favorem
784 1627 950 1696 Comitum
967 1630 1006 1696 de
1023 1630 1263 1714 Frangepanis,
1273 1629 1309 1694 id
1327 1635 1435 1694 toturn
1450 1651 1509 1713 per

374 1760 485 1824 preces
510 1743 544 1805 et
568 1737 830 1805 intercessionem
857 1738 1042 1806 benivolam
1067 1745 1100 1804 et
1115 1738 1296 1806 modestam
1312 1761 1385 1805 oum
1401 1737 1510 1822 Regia

374 1847 576 1915 Celsitudine
591 1853 749 1932 tanquam
765 1869 825 1932 pro
841 1848 1007 1914 nobilibus
1033 1855 1066 1914 et
1081 1847 1280 1914 charissimis
1305 1847 1421 1913 ricinis
1436 1869 1508 1913 nos·

374 1956 446 2040 tris,
470 1962 503 2020 et
528 1955 569 2020 de
593 1954 718 2021 familia
743 1956 953 2038 nobilissima,
979 1956 1085 2042 deque
1102 1955 1234 2022 Corona
1249 1955 1424 2039 Hungarie
1444 1979 1510 2022 me·

375 2065 458 2144 rita3
474 2063 745 2148 quemadmodum
761 2063 865 2147 igitur
874 2087 932 2130 nos
949 2066 1181 2132 amicissimum
1197 2071 1380 2150 respectum
1397 2063 1510 2130 habui-

375 2196 448 2239 mus
464 2172 507 2237 ad
523 2194 588 2238 non
605 2173 805 2238 turbandam
828 2174 975 2258 aliquam
998 2174 1271 2258 jurisdictionem,
1287 2195 1387 2258 quam
1402 2172 1511 2256 Regia

378 2280 571 2349 Sublimitas
596 2283 630 2346 in
656 2283 833 2348 continenti
859 2283 998 2349 habeat:
1015 2284 1062 2349 ita
1079 2284 1185 2350 meriti
1211 2305 1281 2348 esse
1305 2281 1463 2360 videmur,
1478 2285 1512 2343 et

377 2389 476 2456 talem
495 2411 558 2454 non
575 2390 771 2474 ambigimus
790 2412 859 2457 esse
874 2391 1015 2475 Regiam
1040 2391 1289 2476 dispositionem
1313 2396 1346 2455 et
1369 2395 1511 2456 mentem

380 2521 445 2564 uon
461 2497 618 2564 turbandi
634 2499 879 2583 jurisditionem
894 2507 1041 2568 nostram
1056 2501 1227 2584 antiquam
1242 2505 1276 2565 et
1291 2498 1464 2584 pacificam
1479 2501 1512 2564 in

378 2607 460 2692 marj
478 2613 512 2672 et
521 2606 611 2690 gullo
631 2614 755 2690 nostro,
766 2631 862 2693 quem
879 2631 1004 2696 semper
1019 2617 1175 2694 pacatum
1192 2614 1225 2675 et
1240 2611 1387 2694 quietum
1402 2615 1514 2674 tenere

379 2716 579 2799 studuimus;
605 2739 668 2800 que
699 2739 772 2783 cum
802 2718 850 2784 ita
875 2719 949 2802 sint,
972 2718 1106 2803 rogabis
1132 2717 1269 2784 eundem
1295 2715 1513 2801 Capitaneum

381 2826 524 2892 studiose
541 2833 575 2892 et
591 2825 776 2909 efficaciter,
793 2833 830 2894 ut
853 2828 895 2894 ab
921 2829 1008 2894 omni
1034 2827 1243 2910 navigatione
1269 2833 1303 2893 et
1322 2825 1513 2892 turbulento

381 2939 471 3001 motu
487 2935 609 3018 inipso
624 2936 717 3021 marj,
738 2943 771 3002 et
784 2937 874 3022 gullo
898 2943 1010 3002 nostro
1026 2959 1061 3003 se
1084 2935 1250 3003 abstineat
1265 2957 1327 3020 pro
1342 2955 1513 3000 conserua·

380 3043 468 3108 tione
484 3047 596 3108 mutue
612 3045 866 3128 tranquillitatis
881 3052 914 3112 et
929 3045 1057 3130 pacifici
1073 3045 1201 3112 vivendi
1216 3044 1313 3127 modi,
1330 3043 1415 3109 siout
1430 3065 1512 3108 com·

381 3157 512 3237 pertum
537 3151 658 3218 habere
683 3153 830 3219 videmur
857 3175 927 3220 esse
942 3152 1081 3238 Regiam
1106 3152 1350 3238 dispositionem
1376 3172 1437 3235 pro
1457 3173 1515 3216 sua

383 3260 545 3345 sapientia
560 3265 594 3326 et
610 3262 755 3345 equitate
772 3269 804 3328 et
818 3284 878 3346 pro
894 3267 1007 3328 mutua
1032 3262 1119 3328 inter
1144 3281 1203 3326 nos
1228 3259 1459 3342 benivolentia,
1475 3257 1514 3324 de

383 3393 448 3457 qua
465 3371 614 3453 superius
630 3371 842 3455 copiosiorem
861 3370 976 3438 feceris
992 3370 1198 3437 mentionem.

492 3477 537 3560 Si,
552 3483 590 3545 ut
606 3479 782 3545 verisimile
797 3479 892 3545 nobis
911 3478 957 3562 fit,
974 3479 1061 3545 idem
1077 3475 1279 3562 Oapitaneus
1305 3476 1431 3562 aliquid
1456 3475 1516 3542 tibi

385 3589 509 3654 diceret
540 3586 581 3654 de
607 3586 734 3654 Oomite
758 3589 889 3656 Joaune
915 3587 1029 3672 Vegle,
1055 3589 1110 3672 qui
1142 3586 1253 3672 aliquo
1284 3583 1381 3650 modo
1406 3584 1517 3651 leserit

385 3697 526 3782 Regiam
541 3697 763 3784 Majestatem:
780 3703 817 3762 tu
833 3697 939 3764 uerbis
957 3697 1116 3782 humanis,
1128 3694 1278 3762 dulcibus
1289 3699 1323 3761 et
1339 3715 1516 3762 accommo-

387 3806 471 3872 datis
486 3805 646 3891 responde
663 3813 697 3872 et
712 3806 846 3872 declara
862 3804 1000 3872 eundem
1015 3802 1177 3871 Comitem
1191 3810 1413 3889 preterquam,
1431 3803 1517 3889 quod

387 3916 431 3980 sit
448 3914 566 3982 nobilis
581 3921 702 3998 noster,
726 3914 861 3982 sustulit
877 3915 977 3980 etiam
992 3913 1097 3979 filium
1113 3935 1153 3979 ex
1168 3933 1235 3979 una
1259 3919 1375 3980 nostre
1400 3911 1518 3993 nobile,

386 4023 497 4090 futuro
513 4024 634 4090 herede
649 4031 787 4110 paterne
804 4023 1046 4107 dominationis,
1057 4044 1121 4108 quo
1137 4021 1302 4108 geminato
1312 4020 1442 4088 uinculo
1456 4021 1517 4087 sub

387 4138 500 4199 nostra
516 4132 572 4198 diu
588 4133 667 4201 vixit
683 4135 884 4219 protectione
910 4138 943 4201 et
966 4135 1100 4215 umbra3
1126 4138 1159 4198 et
1185 4131 1294 4216 siquid
1318 4130 1464 4198 comissit
1485 4130 1518 4196 in

387 4244 529 4326 Regiam
542 4242 627 4310 forte
643 4241 860 4328 offensionem,
876 4242 912 4310 id
931 4264 1023 4309 omne
1037 4241 1162 4308 facturn
1178 4239 1306 4306 affirma
1323 4261 1389 4305 non
1414 4239 1519 4305 solum

388 4359 500 4436 preter
515 4354 740 4436 intentionem,
755 4354 812 4421 sed
838 4353 937 4419 etiam
962 4357 1071 4438 preter
1096 4370 1222 4418 omnem
1248 4354 1397 4416 nostram
1420 4347 1521 4414 scien·

390 4462 479 4544 tiam,
511 4461 567 4547 qui
598 4463 744 4550 cupimus
775 4469 807 4529 et
837 4460 1044 4542 intendimus,
1074 4464 1113 4526 ut
1143 4479 1253 4526 omnes
1276 4456 1389 4538 nostri,
1406 4459 1521 4524 nostra
