3340 5260
677 379 771 442 14⁷0.
1218 375 1280 445 169

150 555 262 637 posita
288 553 436 638 practica
455 577 513 638 per
539 555 777 624 Christoforum
805 555 935 622 Bollam
957 563 993 622 et
1018 561 1077 620 eet.
1101 553 1282 638 Restatque

150 663 250 728 nobis
266 686 392 748 parum,
408 664 599 748 quodcirca
616 666 675 731 hoc
692 667 783 731 vobis
808 685 1031 744 memoremus,
1056 663 1177 746 optime
1195 663 1281 728 enim

150 775 184 840 in
222 771 371 840 omnibns
408 773 633 856 satisfecistis,
668 775 938 857 satisfacietisque
977 773 1189 855 imposterum
1223 793 1282 854 pro

149 887 260 946 vestra
285 881 419 948 solertia
444 889 477 946 et
502 883 682 966 diligentia.
699 884 790 948 Inter
806 887 916 946 cetera
932 886 1042 947 autem
1058 879 1279 962 gratissimum

148 990 246 1056 nobis
270 989 333 1054 fuit
353 991 545 1074 intelligere,
570 991 658 1073 quod
683 991 790 1074 Regia
816 989 1006 1056 Sublimitas
1021 984 1159 1068 benigne
1175 986 1281 1052 indul·

148 1104 330 1182 genterque
347 1100 451 1182 egerit
467 1122 538 1164 oum
554 1099 734 1182 Magnifice
749 1097 879 1165 Oomite
906 1095 1043 1163 Stesano
1069 1094 1109 1160 de
1133 1091 1281 1178 Frange·

147 1207 301 1291 panibus,
317 1207 411 1291 eique
428 1213 461 1272 et
476 1207 638 1291 reliquum
654 1213 776 1273 statum
792 1228 886 1272 suum
903 1210 936 1270 et
960 1204 1087 1270 illesum
1113 1202 1281 1268 dimittens

148 1321 185 1380 et
201 1316 383 1400 portionem
399 1337 492 1380 suam
519 1317 661 1382 civitatis
678 1316 784 1399 Segne
808 1316 977 1380 restituere
1002 1316 1155 1378 contenta
1181 1311 1232 1394 sit,
1249 1319 1282 1378 et

147 1424 215 1488 boo
230 1423 316 1488 idem
333 1424 440 1490 secere
457 1425 590 1508 reliquis
608 1425 765 1492 fratribus
782 1425 852 1508 ejus
869 1423 1028 1507 disposita
1052 1426 1221 1505 appareat,
1248 1426 1282 1485 et

146 1533 354 1619 polliceatur,
372 1535 406 1600 in
422 1557 489 1618 qua
505 1536 631 1618 optima
654 1541 687 1600 et
701 1535 843 1616 benigna
868 1533 959 1598 illius
985 1531 1197 1614 dispositione
1223 1551 1279 1595 vos

146 1643 343 1708 confirmare
371 1648 405 1708 et
430 1641 578 1708 stabilire
603 1635 762 1722 nitamini,
788 1647 945 1726 quantum
969 1639 1043 1722 plue
1061 1637 1186 1704 anobis
1204 1637 1259 1702 fior

146 1757 259 1834 potest
274 1755 308 1816 et
323 1750 458 1816 eandem
475 1751 689 1835 Majestatem
705 1773 777 1816 cum
792 1747 899 1816 verbis
909 1749 1036 1815 idoneis
1048 1753 1081 1812 et
1090 1747 1279 1813 convenien-

145 1858 239 1926 tibus
255 1880 315 1942 pro
332 1858 394 1924 hae
411 1858 499 1922 illius
516 1859 659 1943 benigna
675 1859 880 1943 indulgentia
896 1863 928 1924 et
943 1857 1133 1922 remissione
1149 1855 1280 1935 audate,

145 1968 305 2051 agiteque
330 1973 443 2032 nestro
469 1969 598 2033 nomine
622 1969 740 2034 uberes
766 1969 901 2052 gratias,
918 1963 1160 2049 opereminique
1191 1962 1280 2027 omni

145 2097 230 2142 cura
244 2079 277 2140 et
293 2075 411 2158 studio,
428 2081 464 2142 ut
481 2073 624 2142 Comites
640 2077 689 2141 illi
706 2077 848 2160 penitus,
868 2073 976 2159 siquid
990 2077 1104 2153 restat,
1120 2093 1190 2136 cum
1216 2071 1280 2136 Re·

145 2184 205 2268 gia
220 2182 415 2249 (lesitudine
431 2185 682 2250 reconcilientur
698 2190 731 2249 et
747 2191 816 2249 torn
843 2184 975 2250 civitate
991 2181 1058 2261 illa,
1083 2202 1181 2264 quam
1207 2178 1280 2246 reli·

145 2317 215 2380 quo
233 2315 345 2360 eorum
364 2297 454 2360 statu
471 2292 646 2376 gaudeant,
662 2299 736 2377 post
753 2294 824 2376 hae,
840 2298 873 2356 et
889 2298 1036 2370 reantur,
1062 2291 1146 2355 sieut
1171 2287 1279 2352 facere

145 2403 291 2470 antebac
307 2403 455 2468 consueti
471 2407 575 2482 erant,
586 2401 629 2466 ad
638 2399 743 2468 hibita
753 2422 879 2484 semper
889 2401 922 2464 in
933 2397 1119 2483 hujusmodi
1129 2395 1280 2480 precibus

144 2517 180 2576 et
204 2511 363 2579 instantia
388 2517 498 2576 vestra
521 2510 609 2576 omni
635 2511 840 2575 convenienti
867 2507 1038 2590 modestia,
1055 2527 1094 2571 ne
1112 2505 1274 2589 Majestas

145 2617 219 2686 Sua
235 2621 392 2704 suspicari
409 2619 521 2701 aliquo
538 2619 634 2685 modo
650 2620 764 2703 possit,
790 2619 910 2684 moveri
936 2639 995 2682 nos
1020 2616 1063 2682 ad
1089 2614 1277 2699 hujusmodi
1310 2645 1315 2651 ·

145 2727 349 2794 desiderium
365 2729 477 2812 aliqua
493 2729 561 2794 alia
577 2729 711 2811 ratione,
728 2727 779 2793 vel
794 2731 955 2812 respectu,
970 2727 1033 2790 nisi
1059 2723 1278 2789 benivolentie

144 2843 182 2902 et
198 2838 320 2904 amoris
337 2843 370 2902 et
386 2837 496 2922 studij,
513 2857 655 2919 aureque
672 2842 782 2902 nostre
798 2837 833 2900 in
848 2834 982 2918 negotia
997 2833 1184 2913 christiana,
1195 2831 1279 2898 siout

144 2945 201 3012 die
218 2944 324 3010 X·mo
340 2946 496 3010 instantis
512 2944 744 3028 particularius
761 2945 803 3009 ad
820 2965 875 3008 vos
891 2943 1087 3025 scripsimus.

257 3052 309 3118 De
327 3053 384 3118 illo
402 3053 534 3120 Terssat
561 3053 693 3118 castello
711 3051 851 3118 Comitis
868 3051 1015 3133 Martini,
1032 3050 1179 3134 quamvis
1195 3050 1277 3113 exis·

143 3164 318 3244 timemuS,
354 3162 441 3247 quod
485 3163 527 3228 ad
570 3164 788 3246 receptionem
830 3161 1030 3246 presentium
1070 3158 1277 3224 manifestum

141 3273 247 3339 fuerit
263 3277 295 3338 et
304 3272 408 3358 Regie
421 3272 621 3338 Sublimitati
637 3277 671 3337 et
685 3271 776 3338 vobis
787 3294 835 3351 ea,
847 3293 910 3354 que
925 3270 1031 3336 relata
1042 3274 1126 3349 sunt,
1142 3266 1278 3332 innania

141 3381 277 3466 penitus
293 3388 326 3446 et
341 3381 426 3448 falsa
442 3403 529 3462 esse3
556 3381 702 3446 volumus
728 3386 836 3445 tamen
851 3386 888 3444 ut
904 3378 1009 3444 eidem
1034 3376 1204 3460 Majestati
1230 3376 1277 3439 di-

140 3512 219 3556 cere
236 3490 383 3556 debeatis
399 3492 589 3574 gratissima
604 3489 703 3554 fuisse
720 3489 813 3554 nobis
839 3488 938 3553 verba
964 3493 997 3552 et
1024 3487 1276 3550 memorationes

141 3598 212 3664 Sue
230 3599 334 3683 Regie
351 3599 564 3666 Celsitudinis
581 3597 671 3664 vobis
687 3597 793 3662 factas
819 3598 859 3662 de
884 3602 995 3662 mutuo
1021 3593 1165 3678 capitulo
1189 3593 1275 3658 sede-

141 3709 189 3774 ris
208 3709 322 3792 nostri,
337 3715 376 3773 ut
391 3707 516 3773 scilieet
531 3713 666 3790 uterque
683 3713 831 3771 nostrum
848 3728 868 3771 a
884 3703 980 3770 rebus
1006 3709 1112 3768 status
1139 3701 1274 3767 alterius

140 3838 179 3882 se
197 3814 372 3898 abstineat,
390 3821 423 3881 et
438 3815 529 3881 nullo
545 3816 641 3881 modo
656 3815 757 3880 invito
774 3813 878 3879 altero
895 3835 928 3878 se
944 3809 1111 3896 impediat,
1127 3810 1213 3893 quod
1229 3811 1276 3874 in·

140 3946 335 3991 concussum
352 3926 549 3990 servarimus
566 3931 598 3989 et
614 3924 775 3989 servaturi
799 3927 989 3990 constanter
1015 3927 1049 3986 et
1073 3941 1276 4004 persereran-

139 4040 195 4100 ter
211 4035 244 4098 in
261 4033 410 4100 omnibus
425 4033 504 4099 locis
520 4033 706 4116 ubicunque
723 4035 797 4116 ipsa
813 4032 922 4115 Regio
934 4029 1138 4111 Sublimitas,
1149 4029 1274 4094 confine

140 4141 310 4223 habemus
327 4147 360 4206 et
376 4142 438 4207 hoe
455 4141 576 4207 habeat
591 4162 652 4225 pro
670 4146 836 4224 comperto
862 4146 896 4204 et
911 4138 1097 4204 indubitato
1114 4137 1274 4222 Majestas

140 4250 222 4333 Sua,
237 4271 342 4335 neque
359 4251 463 4316 locilis
479 4251 523 4314 sit
539 4250 583 4315 ad
600 4250 804 4332 eredendum,
820 4248 908 4332 quod
925 4247 1020 4313 aliter
1043 4247 1128 4312 forte
1153 4245 1194 4310 de
1220 4267 1275 4310 no-

140 4359 196 4426 bis
212 4359 411 4441 nuntiarent,
448 4358 620 4442 valeatque
640 4359 745 4441 magis
762 4357 850 4440 apud
865 4356 1007 4440 Regiam
1031 4353 1275 4421 Sublimitatem

142 4467 248 4534 Suam
274 4467 473 4534 existimatio
500 4467 763 4534 constantissime
788 4465 866 4532 fidei
892 4470 1002 4530 nostre
1025 4469 1058 4528 et
1074 4466 1275 4547 experientia

141 4577 217 4666 ipsa
242 4595 359 4665 rerum,
386 4597 484 4666 quam
509 4581 567 4648 aut
591 4577 666 4648 vani
691 4595 846 4660 rumores,
870 4579 927 4638 aut
942 4572 1080 4644 aliorum
1096 4575 1277 4648 relationes
