3356 5266
350 315 413 378 120
703 332 936 378 aaronem!
954 323 1127 380 mesas.

349 501 386 556 ut
402 500 538 557 conatus
557 491 654 576 hujus
673 494 775 557 hostis
792 493 1001 558 frustrentur.
1017 506 1048 556 et
1067 495 1093 558 si
1111 515 1209 559 ansus
1230 496 1327 560 tuerit
1343 494 1485 578 penitius

349 589 484 683 ingredi,
502 601 645 682 peniteat
660 607 752 664 tante
776 600 840 667 iltis
868 601 1046 664 insolentie.
1073 602 1117 664 Et
1142 611 1292 684 preterea
1318 599 1484 665 notificate

350 705 521 790 Majestati
538 709 694 790 predicte,
710 709 877 791 scripsisse
895 730 952 773 nos
970 705 1175 772 Beatitudini
1201 707 1327 774 Summi
1351 706 1487 773 Pontifi-

350 817 396 880 cis
412 821 443 878 et
460 817 569 879 omnia
587 815 780 896 declarasse,
798 837 1058 898 memorasseque
1070 817 1214 899 pericula
1224 816 1486 882 Christianorum

350 922 448 1006 longe
465 923 593 1000 maiora
611 925 812 1006 presentibus
827 925 966 1000 damnis,
992 935 1025 988 ut
1043 924 1208 990 Sanctitas
1234 927 1307 1008 ipsa
1322 924 1363 988 ad
1379 943 1487 988 neces

354 1032 458 1096 sarias
474 1031 675 1113 provisiones
690 1053 723 1096 se
741 1032 901 1115 disponat.
918 1029 944 1118 †

460 1139 506 1204 Et
521 1141 562 1205 de
578 1139 664 1204 omni
682 1143 891 1223 responsione
908 1143 1097 1227 Majestatis
1124 1165 1190 1222 sue,
1207 1143 1313 1223 deque
1332 1140 1490 1224 provisio·

354 1246 459 1326 nibus,
476 1248 518 1312 ad
535 1270 617 1330 quas
633 1251 871 1332 cognosceretis
896 1249 1108 1334 Majestatem
1133 1252 1313 1334 predictam
1339 1270 1409 1313 esse
1425 1247 1490 1312 dis·

353 1356 503 1438 positam,
520 1377 577 1420 nos
593 1355 769 1438 diligenter
786 1358 985 1436 informetis;
1002 1367 1035 1422 et
1052 1360 1220 1423 dectarato
1237 1358 1343 1422 eidem
1367 1356 1490 1438 Majes·

353 1464 416 1527 tati
442 1463 676 1546 profectionem
702 1475 840 1530 vestram
866 1468 909 1531 ad
937 1468 1075 1550 Regiam
1103 1467 1322 1549 Majestatem,
1352 1484 1422 1528 esse
1445 1461 1489 1526 ob

354 1591 488 1638 causam
505 1574 619 1653 istam;
635 1575 878 1658 prosequamini
894 1577 956 1640 iter
972 1583 1115 1640 vestrum
1131 1578 1164 1639 in
1181 1574 1428 1658 Hungarariam
1446 1569 1491 1634 ad

354 1679 448 1744 illum
466 1677 715 1746 Serenissimum
730 1681 909 1748 Dominum
924 1683 1060 1767 Regem,
1077 1685 1158 1748 sicut
1177 1704 1233 1765 per
1249 1690 1390 1746 vestram
1405 1701 1492 1744 com·

354 1789 541 1854 missionem
567 1790 657 1854 vobis
683 1791 912 1874 ordinavimus,
938 1815 1050 1857 verum
1081 1793 1107 1856 si
1133 1792 1286 1856 rideretis
1310 1789 1493 1872 Imperato

355 1899 438 1960 riam
455 1895 695 1963 Sublimitatem
712 1921 781 1964 esse
799 1921 870 1963 cum
896 1899 1014 1964 effectu
1039 1901 1230 1982 dispositam
1257 1898 1300 1962 ad
1325 1896 1493 1961 faciendas

356 2006 569 2087 provisiones,
594 2007 751 2088 volumus,
778 2015 811 2072 ut
839 2009 1005 2073 declarato
1036 2009 1142 2072 eidem
1179 2005 1351 2091 Majestati
1380 2025 1435 2069 ros
1457 2004 1493 2065 in

356 2111 562 2197 Hungariam
589 2114 810 2198 profecturum
837 2138 906 2181 esse
922 2117 963 2181 ob
980 2115 1040 2181 hec
1066 2117 1206 2199 negotia,
1231 2117 1316 2178 sicut
1340 2111 1493 2188 diximus,

356 2219 499 2301 addatis,
517 2223 603 2304 quod
620 2221 712 2288 nobis
729 2223 880 2289 distincte
896 2226 1005 2290 omnia
1021 2223 1240 2302 declarabitis,
1257 2229 1289 2286 et
1306 2218 1393 2304 quod
1409 2219 1493 2282 exis·

357 2329 489 2410 timatis,
515 2335 547 2393 et
573 2337 662 2394 certo
685 2332 803 2396 tenetis
831 2331 1022 2396 Dominium
1047 2339 1194 2396 nostrum
1213 2328 1427 2394 certificatum
1451 2325 1494 2388 de

357 2437 444 2502 bona
461 2437 670 2520 dispositione
686 2440 875 2526 Majestatis
892 2440 966 2520 Sue,
983 2440 1155 2504 missurum
1172 2459 1241 2503 esse
1255 2435 1298 2500 ad
1313 2437 1494 2518 Imperato

359 2544 442 2609 riam
467 2543 708 2612 Sublimitatem
725 2545 837 2627 Suam,
861 2571 960 2613 unum
986 2548 1085 2612 alium
1118 2546 1293 2612 Oratorem
1309 2565 1369 2626 pro
1385 2542 1495 2606 votiva

362 2653 567 2718 conclusione
584 2661 616 2717 et
632 2655 829 2739 perfectione
846 2677 965 2734 eorum,
983 2677 1045 2738 que
1065 2653 1195 2737 agenda
1211 2651 1341 2716 fuerint.

467 2779 629 2862 Departe
675 2819 718 2826 -
767 2786 809 2846 59
856 2817 899 2827 —
948 2786 1000 2845 58.

360 2976 421 3042 Ser
437 2975 587 3043 Aluisius
604 2979 811 3044 Fuscarenus
951 2979 1076 3047 Volunt
1087 2987 1213 3063 partem
1223 2981 1379 3062 usquead
1390 2975 1499 3064 †p0s·

483 3085 558 3169 Sap.
576 3083 718 3170 Consilij
853 3120 855 3141 ι
903 3097 957 3152 tea
999 3097 1197 3170 sequuntur:
1236 3095 1380 3154 ceterum
1427 3107 1498 3152 sva-

361 3192 423 3259 Ser
440 3193 555 3258 Victor
572 3193 770 3277 Superantio
852 3194 856 3277 ζ
904 3196 978 3261 dete
995 3195 1213 3279 Imperatoria
1230 3195 1445 3276 Sublimitati,
1460 3202 1497 3260 ut

494 3302 633 3386 Sapiens
650 3310 671 3367 t.
689 3303 710 3366 f.
852 3346 855 3371 1
904 3310 1063 3388 tanquam
1080 3303 1265 3387 Imperator
1291 3311 1324 3368 et
1343 3303 1499 3386 adquam

360 3397 631 3494 principalissime
647 3386 886 3498 pertinet-mia
902 3413 1100 3477 detensionis
1116 3413 1376 3490 christianorum,
1392 3411 1501 3493 requi-

360 3543 432 3586 rere
457 3522 612 3606 dignetur
636 3521 883 3588 Serenissimum
909 3521 1086 3586 Dominum
1111 3521 1238 3604 Regem
1257 3521 1433 3603 Hungarie
1450 3527 1501 3590 vel

284 3713 287 3720 ,
363 3653 422 3714 per
439 3629 614 3696 Oratorem
629 3652 721 3696 suum
738 3630 903 3696 vobiscum
920 3630 1114 3694 mittendum
1129 3631 1179 3693 vel
1199 3629 1305 3710 aliter,
1321 3629 1402 3694 sicut
1427 3630 1502 3695 Ma-

358 3740 475 3828 jestati
492 3738 560 3804 Suo
576 3742 680 3804 visum
697 3739 806 3818 fuerit,
832 3744 865 3803 et
892 3738 1041 3802 similiter
1065 3739 1209 3820 reliquos
1236 3737 1406 3822 Principes
1423 3737 1502 3804 ale·

366 3872 478 3916 manos
495 3850 538 3914 ad
555 3848 795 3913 semovendum
812 3855 927 3911 contra
942 3867 1092 3911 comunes
1109 3847 1253 3911 omnium
1269 3846 1385 3911 hostes

471 3955 601 4022 Audita
626 3962 735 4020 autem
759 3955 971 4038 responsione
998 3953 1063 4020 Sue
1088 3955 1289 4038 Majestatis,
1314 3955 1413 4018 dicite
1443 3953 1503 4043 illi,

364 4068 452 4152 quod
468 4067 560 4132 nobis
578 4064 699 4130 dabitis
715 4063 907 4128 distinctam
922 4063 1194 4143 informationem,
1214 4068 1244 4125 et
1262 4063 1350 4144 quod
1374 4061 1503 4130 habetis

365 4167 401 4242 in
417 4175 583 4241 mandatis
600 4196 620 4237 a
636 4171 730 4237 nobis
747 4193 803 4238 vos
819 4172 1005 4237 conferendi
1031 4171 1073 4237 ad
1090 4171 1160 4238 Ser.
1177 4171 1355 4236 Dominum
1379 4170 1504 4252 Regem

369 4285 543 4370 Hungarie
559 4307 619 4368 pro
636 4283 850 4365 importantia
866 4281 963 4364 hujus
980 4281 1102 4364 negotij
1120 4287 1152 4344 et
1168 4280 1336 4362 redeundi,
1353 4282 1380 4344 si
1405 4279 1506 4344 scierit

368 4416 449 4478 opus
466 4393 508 4458 ad
524 4391 777 4476 Imperatoriam
795 4387 1039 4455 Sublimitatem
1056 4387 1167 4470 Suam,
1183 4396 1215 4454 et
1232 4388 1320 4472 quod
1337 4387 1508 4454 dimittetis

368 4499 586 4570 secretarium
602 4506 757 4584 nostrum,
770 4502 807 4564 ut
825 4498 887 4565 isto
903 4498 1035 4564 interim
1050 4520 1109 4586 per
1124 4497 1213 4564 illius
1228 4497 1370 4570 medium
1386 4494 1509 4586 Majes-
