3336 5252
395 289 459 355 288
745 303 982 350 nrruonacmm
998 295 1166 349 suntuna.

393 487 466 531 curn
483 465 616 532 inclusis
631 464 673 529 ad
690 461 851 530 Comitem
876 462 1114 544 Scutarensem‚
1140 485 1220 548 quas
1246 466 1360 532 nuntio
1377 464 1524 550 ejusdem

393 576 426 640 in
441 573 608 659 Belgrado
625 574 821 658 prestolanti
838 575 1006 658 assignare
1022 574 1151 640 curabo.
1164 573 1271 657 Regia
1289 573 1438 641 Maestus
1454 575 1530 642 Bel-

392 682 533 768 gradum
554 705 627 749 cum
653 683 757 748 classe
773 681 951 750 descendit.
968 679 1052 747 Oras
1068 682 1129 746 deo
1155 681 1236 747 duce
1267 703 1326 748 nos
1353 683 1530 767 subseque-

392 813 474 857 mur.
489 789 531 856 In
548 791 770 875 exploratione
794 791 935 875 proximi
968 791 1070 855 castri
1094 789 1242 855 nonnulli
1268 794 1456 875 excestria,
1473 793 1531 875 qui

392 900 565 986 plusquam
590 900 745 984 oportuit,
770 901 884 965 meniis
910 900 1227 983 appropinquarunt,
1259 905 1336 964 sunt
1360 898 1529 981 pixidibus

390 1008 590 1092 interempti,
614 1013 650 1074 at
681 1008 830 1073 nonnulli
855 1007 1016 1072 notabiles
1042 1027 1081 1071 ex
1106 1007 1208 1071 turcis
1234 1007 1425 1090 contempti,
1442 1007 1528 1073 inter

392 1139 474 1202 quos
491 1115 649 1202 Vayvoda
674 1115 925 1182 Horam-Bassa
951 1114 1109 1180 secundus
1135 1114 1177 1180 ab
1203 1113 1284 1179 Hali
1309 1113 1381 1199 bag,
1407 1137 1528 1199 magno

391 1225 532 1311 presidio
558 1226 592 1289 in
619 1223 769 1291 Sinedrio
796 1245 831 1290 se
856 1229 955 1289 tenet.
981 1221 1086 1289 Bassa
1112 1227 1222 1288 castra
1246 1223 1463 1307 Imperatoris
1495 1225 1528 1288 in

392 1321 529 1416 pristino
545 1334 617 1398 loco
634 1337 750 1412 servat,
769 1332 912 1396 maxima
928 1353 1001 1396 cum
1016 1328 1247 1395 incomoditate
1258 1327 1415 1396 Cesaram
1432 1332 1528 1398 valde

391 1441 539 1525 podagra
555 1445 738 1524 gravatum,
762 1441 819 1505 alii
844 1440 877 1504 in
894 1437 1212 1522 Constantinopolim
1233 1439 1388 1521 delatum,
1409 1441 1467 1504 alii
1492 1442 1526 1504 in

391 1550 508 1614 castris
534 1549 641 1614 adhuc
667 1549 843 1613 consistere
868 1546 987 1614 ferunt.
1004 1545 1118 1612 Timor
1142 1545 1243 1612 habet
1259 1567 1381 1632 omncs,
1399 1546 1529 1614 Molda-

391 1678 458 1740 vus,
475 1656 722 1740 Transalpinas,
733 1653 845 1738 Siculi,
861 1654 1153 1720 Transilvanenses
1167 1657 1262 1740 juxta
1278 1654 1445 1720 decretum
1461 1655 1529 1722 Re-

391 1765 479 1850 gium
495 1767 528 1830 in
545 1771 697 1849 promptu
712 1769 805 1845 sunt;
821 1764 928 1847 Regia
942 1761 1088 1828 Maestae
1104 1769 1296 1846 conceptum
1313 1765 1385 1846 iter,
1397 1763 1529 1830 favente

392 1873 534 1957 Christo,
550 1894 669 1958 magno
687 1874 794 1938 animo
814 1874 971 1958 prosequi
998 1873 1147 1939 intendit.
1175 1873 1247 1957 Ego
1273 1876 1373 1958 longo
1399 1873 1527 1941 fractus

388 1983 514 2068 jejunio
531 1989 563 2047 et
588 1982 651 2047 hoc
667 1981 757 2047 molli
783 2003 868 2065 aere,
893 1983 947 2065 qui
974 1983 1172 2047 inconsuetis
1190 2003 1257 2048 esse
1273 1985 1359 2048 solet
1377 1983 1528 2062 infestus,

391 2112 456 2155 non
472 2091 554 2156 nihil
570 2089 821 2156 valitudinarios
838 2111 926 2171 sum3
951 2097 987 2156 at
1003 2091 1084 2155 milri
1108 2111 1197 2174 spem
1222 2097 1352 2174 prestat
1375 2093 1529 2176 proxima

390 2197 513 2264 Ohristi
530 2200 695 2283 nativitas,
711 2219 774 2282 que
791 2201 919 2282 corpori
936 2198 1087 2264 fortiores
1103 2199 1252 2263 restituet
1278 2200 1371 2280 virsa,
1397 2201 1528 2283 reliqua

390 2329 429 2372 ex
444 2306 629 2390 Belgrad03
646 2308 836 2373 commendo
853 2331 902 2372 me
919 2307 1164 2392 Magnificentie
1182 2307 1310 2392 Vestra,
1326 2329 1426 2392 quam
1445 2308 1527 2374 bene

389 2415 498 2481 valere
524 2437 651 2500 semper
677 2423 764 2500 opto.
791 2416 843 2480 Ex
868 2415 1039 2485 Varadino
1066 2415 1161 2480 Petri
1187 2415 1228 2485 V.
1253 2414 1305 2481 die
1330 2414 1527 2481 Decembris

389 2521 697 2594 MCCOCLXXV.

950 2630 1085 2699 Gabriel
1102 2633 1285 2718 Episcopus
1302 2631 1479 2718 Agriensis

979 2740 1171 2825 Apostolics
1188 2741 1282 2808 Sedis
1299 2742 1455 2824 Legatos.

497 2834 651 2896 (Veleuczei
665 2834 863 2898 allamkdnyv.)

921 3270 994 3332 201.

387 3429 484 3495 1475.
501 3430 677 3495 Buduaru'o
695 3429 861 3515 Sedeatpe'o
877 3429 1195 3516 kdcetadpijelente'se
1212 3429 1365 3495 Buddrdl
1383 3455 1405 3496 a
1424 3430 1523 3497 velen·

841 3539 905 3603 ozei
921 3541 1065 3626 depchoz.

495 3697 582 3764 Duci
598 3696 823 3769 Veratianum.

494 3823 707 3892 Serenissime
733 3825 891 3910 Princeps
920 3833 953 3893 et
976 3823 1117 3892 Domino
1143 3826 1437 3908 Excellentissime‚
1454 3824 1521 3894 Do·

385 3933 470 4000 mine
485 3933 529 3997 mi
546 3934 779 4000 colendissimo.
791 3933 824 3998 A
835 3932 959 4000 XXII.
970 3933 1024 4000 del
1040 3939 1173 4018 passato
1190 3956 1249 4019 per
1266 3934 1372 4000 Paulo
1383 3931 1520 4019 Ungaro

386 4039 528 4108 Correro
544 4043 657 4127 scripsi
675 4042 717 4108 ad
735 4041 857 4110 Vestra
874 4041 1034 4128 Signoria‚
1050 4043 1104 4128 poi
1121 4045 1151 4109 el
1168 4045 1283 4127 giorno
1300 4049 1457 4128 sequente
1469 4041 1521 4107 die

385 4149 527 4215 XXIII.
551 4172 610 4235 per
634 4152 761 4216 ritorno
780 4150 822 4216 de
847 4153 909 4218 mei
936 4153 1031 4216 messi
1054 4152 1151 4218 riceri
1167 4149 1282 4217 littera
1299 4151 1354 4217 dal
1372 4149 1519 4216 Transii-

384 4277 477 4339 vano‚
493 4259 525 4323 la
541 4259 635 4342 capia
652 4279 686 4324 se
702 4281 759 4325 cra
775 4260 910 4340 inclusa,
927 4281 986 4343 per
1001 4260 1035 4324 la
1051 4261 1149 4344 quale
1165 4261 1314 4327 dichiara
1335 4259 1368 4324 la
1386 4257 1521 4325 Maesta

384 4359 493 4447 Regia
508 4366 627 4432 havere
654 4366 740 4432 facto
767 4369 954 4452 exponentia
972 4369 1013 4434 de
1029 4369 1138 4452 quello
1154 4368 1301 4436 Castello
1317 4369 1352 4432 in
1367 4368 1463 4434 modo
1479 4366 1521 4432 de

302 4535 304 4538 .
383 4471 550 4556 Bastione,
567 4473 621 4539 del
638 4476 733 4558 quale
750 4477 828 4542 nelli
846 4478 1001 4562 apparati
1018 4476 1165 4544 mandati
1190 4479 1224 4543 in
1241 4482 1319 4542 nota
1334 4477 1379 4541 ad
1394 4474 1435 4546 V.
1452 4475 1520 4542 Ex-
