3336 5258
654 368 749 432 1479.
1137 321 1139 326 ’
1198 367 1267 461 ,aas

133 551 169 612 et
184 551 403 613 tutamentum
420 567 477 612 sue
492 541 633 631 proprie,
650 549 684 612 et
699 545 807 628 Regni
823 545 873 610 sui
888 545 1097 612 securitatem
1121 551 1153 610 et
1180 547 1270 631 quie·

133 661 211 720 tem.
227 654 309 720 Post
334 656 394 721 hec
418 656 524 722 suasit
549 655 651 721 etiam
678 654 803 722 Orator
827 654 896 737 ipse
921 675 1034 738 pacem
1057 652 1218 736 Italicam,
1233 660 1271 719 ut

133 763 196 830 illa
211 764 375 830 mediante
401 763 544 848 prospici
568 762 747 827 salutarius
773 762 870 828 rebus
896 761 1085 828 christianis
1101 763 1214 846 possit,
1238 768 1271 826 et

133 872 250 938 ultimo
266 873 339 939 loco
357 872 537 938 declaravit
560 871 702 956 Regiam
727 869 939 955 Majestatem
964 891 1034 936 esse
1058 871 1270 937 certificatam

134 980 281 1046 Turcum
297 979 446 1046 omnibus
460 980 582 1046 viribus
609 999 679 1044 esse
705 976 745 1046 de
770 980 919 1063 proximo
943 1001 1174 1064 aggressurum
1201 1001 1272 1063 reg·

134 1111 214 1156 num
233 1111 336 1172 suum,
351 1089 385 1154 in
401 1088 490 1172 quod
505 1087 726 1174 superioribus
744 1087 858 1154 diebus
868 1109 927 1172 per
942 1089 1146 1156 occasionem
1156 1088 1272 1155 absen-

135 1201 183 1264 tie
199 1200 304 1284 Regie
318 1199 423 1265 multa
438 1205 472 1265 et
486 1221 607 1282 magna
617 1198 776 1264 intulerat
785 1197 922 1280 damna;
938 1205 972 1264 et
981 1199 1024 1265 ad
1039 1200 1155 1266 intime
1167 1219 1271 1283 usque

134 1305 211 1374 loca
227 1307 335 1391 Regni
351 1311 591 1391 penetraverat,
601 1305 644 1372 ad
660 1328 723 1390 que
740 1305 866 1372 Turcos
881 1328 1026 1391 unquam
1055 1311 1270 1390 perventuros

133 1436 232 1480 nemo
263 1420 321 1498 est,
347 1416 403 1500 qui
429 1414 568 1480 antehae
599 1414 791 1497 crediderit;
819 1413 876 1480 sed
902 1414 935 1479 id
960 1414 1082 1481 accidit
1107 1419 1139 1479 et
1165 1417 1271 1482 adhuc

133 1524 357 1592 vehementius
384 1523 554 1591 dubitatur
579 1523 622 1590 ob
647 1524 723 1591 anni
749 1525 941 1609 siccitatem,
957 1546 1117 1609 perquam
1135 1525 1272 1592 flumina

135 1632 214 1701 Savi
234 1639 267 1698 et
282 1634 386 1699 Dravi
401 1631 490 1698 facta
506 1638 582 1698 sunt
597 1631 719 1699 vadosa
745 1640 778 1698 et
802 1633 996 1700 transmissu
1021 1633 1141 1716 facilia,
1157 1639 1191 1700 et
1206 1655 1271 1700 mo·

134 1738 241 1807 destis
274 1741 380 1808 verbis
410 1741 507 1826 petijt
539 1739 720 1807 Consilium
750 1747 906 1821 nostrum,
937 1747 1051 1825 postea
1085 1741 1271 1828 subjunxit:

136 1848 237 1934 Quod
253 1849 409 1933 disposita
426 1856 476 1914 est
490 1847 599 1932 Regia
615 1848 777 1933 Majestas
794 1854 944 1933 potenter
959 1849 994 1914 in
1009 1849 1175 1933 provintia
1192 1848 1271 1916 Oro·

135 1957 224 2024 vatic
240 1978 409 2022 occurrere
426 1955 598 2022 conatibus
623 1955 734 2040 hostis,
752 1963 785 2022 et
799 1957 875 2022 illos
889 1958 1015 2022 munire
1031 1979 1146 2042 passus
1164 1956 1270 2024 valido

138 2065 295 2149 presidio,
308 2070 341 2130 et
354 2065 421 2149 jarn
440 2062 638 2149 Sagabriam
649 2065 843 2148 premiserat
858 2071 986 2150 partem
1003 2068 1271 2152 copiarum,quas

138 2173 212 2238 Rex
227 2174 296 2256 ipse
313 2172 531 2256 personaliter
546 2171 629 2238 forte
646 2179 696 2238 est
711 2173 961 2256 subsecuturum
977 2195 1087 2239 vorum
1109 2175 1271 2258 quomodo

137 2282 302 2366 provintia
320 2287 520 2347 commeatus
536 2287 569 2346 et
585 2280 775 2346 victualium
792 2281 905 2365 indiga
930 2287 989 2362 est,
1014 2283 1098 2364 petit
1114 2287 1148 2347 et
1164 2290 1272 2366 rogat,

138 2395 176 2454 ut
200 2394 270 2454 tarn
294 2409 334 2454 ex
359 2389 439 2454 locis
464 2388 587 2454 nostris
612 2388 734 2471 vicinis,
751 2411 849 2472 quarn
875 2411 912 2453 ex
938 2389 1053 2456 alienis
1079 2391 1271 2473 permittere

139 2500 316 2582 patiamur,
332 2503 369 2562 nt
385 2497 538 2563 victualia
562 2497 714 2578 gentibus
731 2498 798 2562 suis
823 2497 1062 2582 subministrarj
1092 2500 1222 2581 possint
1238 2505 1272 2565 et

138 2614 200 2673 ect.
227 2603 320 2672 Sicut
345 2605 530 2672 distinctius
554 2605 631 2672 hino
656 2604 804 2673 Consilio
839 2606 977 2672 relatum
1010 2613 1068 2672 est.
1100 2607 1271 2674 Ambobus

138 2723 250 2782 autem
266 2714 527 2801 respondendum
554 2721 605 2781 est
629 2715 672 2782 ad
697 2736 809 2780 omnes
832 2720 945 2799 partes
961 2715 1170 2799 expositionis
1186 2738 1272 2798 vere,

138 2826 293 2910 graviter,
310 2831 431 2890 etcum
448 2823 617 2906 dignitate.
634 2824 758 2890 Iccirco
774 2823 864 2890 vadit
879 2845 975 2907 pars:

248 2931 347 3017 Quod
378 2932 481 2998 eidem
507 2931 649 2998 Domino
675 2929 846 2999 Cardinali
872 2939 905 2998 et
930 2931 1073 2997 Domino
1099 2932 1272 3017 Proposito

140 3041 272 3108 dicatur
287 3041 321 3106 in
338 3041 424 3106 hunc
439 3041 587 3106 modurn:

249 3147 347 3234 Quod
364 3150 391 3213 si
407 3148 721 3233 ipseRmusDnus
738 3147 923 3215 Cardinalis
937 3148 1069 3214 visitare
1086 3170 1145 3214 nos
1161 3150 1272 3236 oupijt,

81 3276 91 3286 ’
139 3260 167 3324 si
183 3253 218 3324 id
233 3257 514 3342 impresentiarum
540 3257 649 3324 facere
674 3279 768 3342 posse
793 3255 916 3341 gaudet
940 3265 973 3323 et
997 3257 1128 3340 letatur,
1145 3280 1197 3324 res
1223 3265 1272 3324 est

138 3365 288 3452 profecto
305 3365 413 3432 officio
430 3367 630 3446 conveniens,
649 3373 682 3432 et
702 3367 823 3432 rationi
840 3367 963 3450 optime
989 3387 1273 3451 consensusque

138 3475 237 3540 modo
251 3473 353 3540 Rma
367 3475 560 3540 Dominatio
587 3472 664 3556 Sua,
690 3475 733 3540 ad
761 3495 816 3540 eos
832 3476 927 3555 venit,
943 3475 999 3558 qui
1015 3476 1173 3558 singularj
1190 3497 1274 3539 sem·

138 3607 200 3669 per
215 3606 286 3650 eam
301 3583 527 3649 benevolentia
543 3590 576 3648 et
592 3605 703 3648 amore
729 3583 892 3666 prosecuti
909 3589 994 3662 sunt,
1011 3589 1044 3647 et
1060 3583 1273 3647 vehementis·

140 3693 222 3758 sime
248 3713 375 3774 semper
405 3691 535 3774 cupiere
566 3691 675 3756 videre
706 3690 796 3754 illam
822 3688 866 3754 ad
892 3710 1023 3773 presens
1048 3689 1215 3771 fastigium
1239 3696 1273 3755 et

139 3801 335 3885 dignitatem
361 3805 559 3884 provectam,
583 3799 705 3882 optime
731 3799 975 3864 convenientem
1001 3797 1172 3863 virtutibus
1195 3799 1273 3882 ejus,

139 3907 308 3976 laboribus
326 3913 360 3973 et
374 3907 500 3972 meritis
516 3906 550 3970 in
576 3905 714 3971 ecclesia
729 3905 801 3970 Dei.
818 3905 865 3970 Et
890 3905 975 3968 sicut
1002 3903 1189 3969 diuturnum
1210 3905 1273 3970 fuit

139 4025 290 4084 nostrum
307 4013 507 4081 desiderium
516 4015 676 4098 presentis
688 4035 744 4080 sne
755 4012 980 4078 exaltationis:
998 4013 1046 4076 ita
1060 4033 1146 4078 nunc
1162 4031 1272 4078 coram

140 4125 350 4209 inspicientes
366 4123 591 4206 dignifioatum
608 4129 640 4188 et
656 4123 846 4203 exaltatum,
871 4141 1042 4204 porsonam
1069 4141 1158 4185 suam
1186 4121 1273 4186 omni

141 4233 261 4304 affectu
278 4237 311 4297 et
327 4232 476 4316 impulsu,
492 4255 564 4297 curn
581 4231 724 4296 letamur
750 4236 783 4294 ot
808 4229 1007 4310 exaltamus;
1034 4234 1067 4292 et
1091 4234 1183 4294 tanto
1204 4249 1273 4311 spe-

141 4363 254 4409 ramus
271 4339 439 4406 uberiores
464 4339 588 4405 fructus
616 4347 649 4404 et
672 4341 799 4424 majora
815 4335 951 4402 comoda
966 4335 1062 4401 rebus
1079 4334 1274 4401 Christianis

142 4449 324 4518 obventura
340 4448 383 4514 ab
399 4447 487 4514 illius
504 4447 659 4514 studiosis
679 4453 713 4513 et
728 4447 814 4514 omni
831 4447 928 4512 laude
944 4445 1052 4530 dignis
1078 4445 1274 4529 operationi·

141 4560 212 4642 bns,
236 4563 359 4643 quanto
386 4565 484 4624 aucta
510 4563 559 4622 ost
584 4557 626 4623 ob
653 4563 838 4641 presentem
863 4555 1001 4639 gradum
1027 4558 1060 4618 et
1079 4553 1273 4636 dignitatem
