3334 5276
399 331 441 394 12
757 349 995 398 onnoncmr
1015 336 1184 396 mma

503 505 670 577 oetemm.
687 509 840 589 qnoniam
858 512 891 576 in
908 531 987 593 pace
1002 510 1113 574 reteri.
1137 519 1173 574 ut
1202 508 1365 588 ridebitis,
1390 510 1538 576 contine·

395 625 450 682 tur
466 638 564 682 onum
582 617 772 700 capitutum,
796 639 855 700 per
880 617 969 702 quod
994 640 1055 702 pro
1081 617 1237 700 Nepanto
1262 625 1294 682 et
1329 638 1390 700 pro
1414 617 1536 684 ceteris
1646 653 1653 680 t

396 725 478 790 locis
493 723 637 792 Albanis
653 723 839 808 obligamur
856 726 935 791 dare
960 724 1093 791 Turoho
1119 725 1259 808 singulis
1285 725 1381 790 annis
1409 732 1530 790 certam

395 833 605 898 denariorum
630 834 859 918 quantitatem,
889 835 1045 916 volomus,
1069 843 1103 899 ot
1120 835 1253 899 faciatis
1276 855 1404 898 omnem
1431 855 1525 918 expe·

395 941 545 1008 rientiam
569 942 756 1006 remorandi
782 943 963 1026 capitutum
998 943 1114 1026 ipsum,
1140 944 1166 1007 si
1202 941 1370 1025 poteritis;
1397 951 1428 1006 et
1460 963 1524 1006 non

393 1049 563 1136 poscendo,
580 1069 644 1114 non
661 1057 783 1115 testate
800 1049 842 1115 ob
857 1051 919 1117 hoc
934 1051 1044 1116 venire
1060 1050 1103 1115 ad
1120 1049 1369 1116 conclusionem.

504 1155 586 1222 Post
620 1159 762 1240 scriptos
796 1157 970 1224 habuimus
995 1159 1123 1224 litteras
1155 1157 1198 1222 ab
1230 1157 1372 1224 Rectore
1413 1165 1525 1224 nostro

396 1264 568 1349 Neopacti‚
584 1285 643 1347 per
659 1287 741 1349 quas
757 1285 868 1332 aornos
885 1266 1029 1333 advisati
1045 1268 1151 1350 ipsum
1169 1265 1284 1332 fecisse
1309 1287 1382 1331 curn
1405 1265 1473 1332 illio
1490 1265 1531 1331 de

397 1373 569 1440 Patrassio
585 1381 707 1440 certans
733 1373 965 1456 sufferentiam,
985 1397 1048 1459 que
1074 1375 1162 1440 facta
1189 1382 1239 1440 est
1264 1383 1380 1440 contra
1405 1397 1534 1439 omnem

394 1482 595 1548 voluntatem
613 1489 767 1562 nostram,
784 1491 815 1548 et
831 1506 891 1568 pro
908 1507 969 1567 pro
985 1485 1182 1550 necessitate
1193 1484 1257 1548 loci
1268 1483 1406 1567 predicti
1425 1483 1528 1547 nostri

395 1588 566 1674 Neopacti,
575 1597 609 1654 et
619 1611 691 1656 earn
700 1597 811 1656 tamen
822 1592 931 1657 subito
943 1591 1089 1657 revocari
1099 1599 1133 1655 et
1143 1591 1277 1674 infringi
1284 1591 1451 1674 jussimus,
1468 1611 1532 1656 non

396 1695 547 1762 obstante
564 1696 713 1781 predicta
728 1699 791 1764 loci
807 1701 1007 1766 necesitate.
1024 1697 1186 1766 Volumus
1202 1699 1312 1781 igitur,
1338 1707 1375 1762 ut
1401 1699 1442 1763 de
1469 1698 1530 1762 hoc

396 1807 550 1871 noticiam
576 1805 662 1871 detis
686 1805 735 1870 illi
765 1805 981 1872 serenissimo
1015 1805 1158 1872 Domino
1186 1805 1280 1889 Regi,
1307 1827 1379 1872 curn
1406 1827 1471 1888 qno
1497 1811 1558 1888 ot,

400 1914 482 1980 oniti
509 1913 640 1979 foedare
665 1935 785 1995 sumus,
810 1916 860 1980 ita
885 1915 975 1980 unito
1000 1913 1176 1998 procedere
1204 1913 1237 1978 in
1253 1911 1404 1980 omnibus
1422 1933 1533 1978 somus

400 2020 552 2106 dispositi

506 2129 549 2214 As
599 2133 659 2194 roa
707 2161 750 2176 -
799 2135 818 2193 3
870 2169 907 2180 -
956 2134 977 2193 a

504 2237 607 2302 Facto
624 2237 757 2302 inerunt
772 2237 882 2302 littere
899 2237 953 2302 die
970 2235 1134 2304 XXIHL
1152 2238 1367 2321 suprascripti

504 2399 660 2461 (Vetenczei
678 2401 857 2464 dllsmkdnyv
874 2403 967 2460 1451.)

883 2597 1042 2610 ιιι-...ι-

952 2855 982 2913 6.

399 3032 495 3094 1466.
514 3028 657 3096 Kioonot
675 3031 843 3096 Gerardne
858 3031 897 3095 dc
911 3029 1081 3098 Cottimak
1097 3031 1234 3096 Blonko
1259 3033 1533 3120 mildndisejede·

397 3139 554 3202 temnotez
571 3139 617 3202 t'rt
632 3138 738 3204 koveti
746 3139 947 3223 jeleotdoefidl
963 3163 985 3202 a
1002 3139 1156 3204 oeleoczei
1181 3143 1274 3205 to'rdk
1298 3143 1437 3228 iipyckre
1461 3145 1493 3206 do
1509 3166 1530 3204 a
1655 3211 1657 3226 ἲ

535 3247 694 3334 boazaydk
719 3249 752 3313 e'a
767 3247 969 3313 dalmacziai
991 3247 1132 3336 ttpyekre
1148 3249 1388 3334 oonotkozo‘loq.
1655 3247 1657 3286 ²

504 3443 732 3510 Illustrissime
748 3465 787 3510 ao
803 3441 1086 3510 Enoellentissime
1103 3443 1242 3510 Domine
1259 3443 1300 3509 D.
1317 3443 1443 3512 Ducise
1458 3447 1529 3512 Me·

398 3555 530 3620 diolani.
547 3561 609 3620 etc.

502 3661 719 3747 Postscripta.
736 3661 967 3727 Illustrissima
982 3659 1139 3727 Modone,
1156 3661 1288 3746 Quanto
1304 3663 1338 3728 io
1353 3665 1460 3728 scrivo
1489 3687 1529 3730 ne
1655 3727 1657 3744 ,

395 3771 429 3834 le
455 3771 572 3835 lettera
596 3771 630 3836 in
654 3772 770 3852 verite,
796 3777 919 3853 quanto
936 3769 989 3834 ale
1013 3769 1269 3836 demostrotione
1286 3793 1366 3836 sono
1383 3794 1458 3838 rere
1475 3795 1529 3838 an·
1655 3809 1657 3814 ·

395 3879 483 3960 chor,
499 3879 570 3944 chol
587 3901 665 3945 cuor
681 3879 735 3946 del
751 3880 847 3946 homo
864 3879 914 3946 sia
937 3879 1173 3963 inscruptabilo
1199 3887 1231 3944 et
1256 3880 1376 3964 parcho
1405 3880 1528 3948 Vostra
1655 3963 1657 3968 Ι

394 3988 601 4053 Excellentia
625 3991 759 4056 intends
785 3989 841 4072 piu
865 3988 954 4053 ultra
978 3996 1012 4054 et
1037 4010 1134 4072 possa
1155 3989 1305 4073 judicare
1329 4011 1436 4056 assere
1453 4013 1528 4057 vero

395 4097 514 4180 quello,
530 4097 603 4162 chio
620 4099 733 4163 soriro.
752 4097 809 4162 Me
825 4119 940 4181 parsso
957 4118 1095 4162 narrare
1112 4105 1207 4181 parte
1223 4098 1264 4163 de
1280 4099 1311 4163 le
1328 4099 1526 4182 provisione,

394 4205 468 4271 chio
484 4205 526 4270 ho
543 4207 639 4288 facto,
656 4207 699 4271 do
715 4229 780 4291 poy
795 4207 820 4272 il
837 4206 967 4272 dolente
993 4227 1069 4271 caso
1092 4207 1128 4289 jo
1154 4229 1219 4272 non
1244 4214 1399 4274 contento
1427 4209 1527 4274 harei·
1656 4229 1657 4242 ¹

394 4315 533 4398 perlato,
556 4322 680 4399 quanto
706 4316 749 4380 ho
776 4314 865 4381 dioto
882 4315 936 4380 ala
951 4313 1182 4381 illustrissima
1198 4314 1361 4399 signorm,
1379 4339 1526 4386 mesonc

394 4425 550 4490 ritrovato
567 4448 626 4490 con
645 4423 772 4491 Messer
788 4425 925 4490 Matheo
943 4425 1071 4492 Victori
1089 4431 1256 4510 provisore
1269 4427 1466 4493 amicissimo
1477 4429 1528 4492 do.

393 4533 426 4600 la
443 4533 613 4598 indelibile
631 4535 786 4598 memoria
804 4533 942 4619 Signore
960 4542 1071 4599 nostro
1087 4544 1120 4601 et
1136 4537 1287 4602 similiter
1313 4558 1374 4601 con
1393 4537 1525 4602 Messes·
