3336 5252
363 309 428 372 276
719 319 956 367 nrrnonuczrm
974 306 1141 366 suntuna.

362 486 396 550 in
422 506 481 549 suo
507 483 692 549 discrimine
711 487 744 547 et
770 481 964 547 necessitate
988 485 1156 546 tueremur
1181 484 1213 544 et
1230 495 1497 546 conservaremus

363 591 580 670 Christianos,
598 591 684 656 sicut
700 595 830 656 nostros
847 587 1004 654 subditos.
1029 586 1222 652 Instauruta
1248 593 1358 654 autem
1378 593 1411 653 et
1427 609 1502 653 con·

361 702 494 768 firmata
510 723 582 768 cum
598 701 723 770 Vestra
739 696 1209 764 IllustrissimaDominatione
1223 705 1331 762 vetere
1346 698 1502 778 amicitia,

363 818 397 874 et
413 832 498 876 nova
520 811 604 875 inita
629 809 891 874 confederatione
918 813 951 871 et
977 808 1141 888 societate,
1168 811 1291 871 statum
1316 789 1501 873 universum

362 925 522 998 nostrum,
547 939 716 984 comunem
743 916 844 998 vobis,
870 921 902 979 et
927 922 1071 979 vestrum
1097 915 1192 980 nobis
1218 916 1451 1000 reputavimus,
1466 921 1503 980 ut

361 1027 444 1092 nihil
460 1029 592 1093 omnino
608 1025 755 1092 accidere
772 1025 867 1090 alteri
885 1025 998 1107 possit,
1022 1031 1077 1088 aut
1104 1022 1274 1106 commodi,
1299 1031 1357 1089 aut
1382 1024 1502 1089 incom-

362 1133 459 1217 modi,
475 1134 562 1217 quod
580 1134 675 1200 alteri
693 1155 757 1198 non
775 1131 911 1198 accidat.
938 1132 983 1197 Et
1007 1131 1069 1196 bac
1095 1131 1232 1214 ratione,
1258 1137 1368 1215 preter
1393 1153 1501 1197 comu-

364 1264 436 1308 nem
451 1242 622 1326 jacturam,
639 1247 735 1306 aucta
751 1247 802 1304 est
826 1240 942 1306 mirum
968 1241 1000 1304 in
1028 1239 1156 1306 modum
1184 1239 1335 1305 molestia
1361 1246 1394 1304 et
1408 1238 1503 1305 dolor

362 1357 474 1415 noster
511 1371 551 1413 ex
567 1348 661 1414 clade
685 1345 789 1428 Oaffe,
815 1367 878 1431 que
895 1347 937 1410 ad
954 1345 1108 1413 Vestram
1133 1348 1301 1430 pertinens
1328 1344 1502 1413 Celsitudi-

361 1478 444 1535 nem,
461 1457 503 1522 ad
519 1477 579 1520 nos
596 1477 661 1520 non
677 1456 841 1538 pertinere
857 1475 921 1518 non
938 1461 1058 1537 potest.
1076 1453 1186 1520 Aucta
1203 1475 1283 1519 cura
1298 1461 1333 1520 et
1356 1455 1500 1520 studium

363 1564 576 1631 conservandi
592 1562 677 1642 Chii,
695 1563 783 1647 quod
800 1585 858 1646 per
874 1585 1035 1628 rumorem
1055 1564 1161 1628 exitus
1180 1565 1298 1629 classis
1313 1563 1445 1629 hostilis
1460 1586 1500 1628 ex

363 1672 566 1757 Helesponto
594 1671 760 1756 trepidare
787 1671 848 1737 sub
874 1671 980 1754 ipsum
1012 1672 1161 1736 nuntium
1195 1671 1380 1736 amissionis
1407 1668 1501 1735 Oaffe

361 1779 536 1864 plurimum
554 1779 733 1860 ridebatur,
750 1779 834 1844 unde
851 1779 1019 1862 processit,
1036 1779 1124 1862 quod
1144 1801 1203 1845 nos
1219 1778 1262 1844 ad
1281 1779 1498 1862 Capitaneum

361 1895 508 1952 nostrum
535 1883 728 1951 Generalem
759 1886 985 1969 scripserimus
1009 1893 1042 1950 et
1069 1887 1325 1970 imposuerimus,
1350 1893 1387 1951 ut
1407 1908 1498 1969 egre·

363 1995 471 2060 diente
488 1995 601 2061 hostili
618 1995 732 2074 classe,
757 2000 903 2061 tueretur
928 2001 961 2058 et
986 2002 1213 2078 propugnaret
1230 1991 1357 2076 Chium,
1383 2015 1498 2059 nonse·

362 2126 419 2168 cus
437 2111 535 2186 atque
552 2104 689 2168 insulam
708 2111 853 2168 nostram
872 2101 971 2167 Orete
998 2110 1031 2167 et
1057 2111 1184 2168 ceteras
1201 2103 1325 2168 insulas
1350 2110 1384 2168 et
1400 2103 1497 2168 urbes

365 2220 495 2277 nostras
533 2211 688 2292 Orientis,
723 2233 820 2294 quam
854 2210 1126 2276 deliberationem
1151 2210 1348 2277 Oelsilndini
1376 2210 1497 2276 Vestre

361 2341 419 2401 per
436 2319 559 2384 D-num
579 2318 789 2383 Leonardum
807 2319 1040 2384 notificandam
1058 2322 1249 2401 curavimus,
1272 2327 1339 2385 tam
1366 2341 1497 2402 speran-

360 2434 410 2492 tes
427 2426 497 2491 lore
514 2427 603 2492 illum
620 2424 738 2494 Vestre
755 2424 952 2492 Celsitudini
969 2435 1107 2510 gratam,
1124 2450 1221 2512 quarn
1242 2428 1340 2492 alieni
1357 2428 1498 2511 penitus,

360 2543 393 2600 et
410 2535 529 2600 diversi
546 2534 588 2599 ab
605 2535 693 2599 omni
710 2535 777 2628 alia
793 2536 999 2618 cogitatione.
1022 2537 1069 2601 Et
1085 2543 1214 2602 tantum
1231 2537 1333 2612 abest,
1349 2543 1387 2600 ut
1405 2535 1496 2601 aliud

361 2642 399 2707 de
417 2639 501 2706 Chio
519 2644 777 2725 cogitaverimus,
787 2665 884 2727 quam
903 2650 1048 2709 nostram
1066 2644 1181 2711 deceat
1197 2644 1303 2724 fidem,
1317 2627 1496 2726 nostraque

360 2752 472 2833 exigat
488 2750 634 2815 amicitia
652 2757 685 2815 et
702 2752 851 2834 societas,
877 2758 914 2817 ut
939 2774 998 2835 pro
1024 2753 1247 2819 conservando
1264 2753 1332 2835 illo,
1356 2759 1388 2817 et
1405 2751 1494 2818 omni

359 2859 425 2923 alia
441 2859 576 2924 civitate
602 2864 635 2922 et
651 2859 732 2938 locO,
759 2864 792 2923 et
817 2860 904 2924 omni
931 2883 966 2924 re
993 2867 1101 2926 vestro
1128 2861 1279 2944 subjecta
1302 2862 1443 2944 imperio
1461 2870 1493 2926 et

359 2966 547 3049 dominatui,
573 2967 719 3050 classem,
754 2967 849 3050 rireS,
875 2967 1060 3052 facultates,
1086 2978 1119 3033 et
1155 2977 1277 3036 statum
1303 2970 1492 3034 universum

359 3084 514 3154 nostrum,
528 3076 648 3140 millies
667 3075 709 3160 (si
727 3079 848 3142 totiens
865 3099 946 3160 opus
964 3079 1063 3162 esset)
1074 3099 1277 3162 poneremus,
1287 3078 1495 3162 quemadmo-

359 3184 436 3249 dum
462 3181 698 3248 Celsitudinem
728 3183 880 3250 Vestram
906 3208 964 3270 pro
991 3187 1085 3252 nobis
1110 3186 1282 3268 facturam,
1308 3187 1341 3250 in
1365 3207 1494 3250 omnem

359 3297 517 3372 eventum,
542 3292 654 3374 procul
681 3291 779 3356 dubio
806 3293 977 3359 credimus.
1004 3293 1076 3358 Hec
1103 3301 1152 3360 est
1177 3294 1272 3359 firma
1292 3300 1405 3360 nostra
1421 3317 1493 3360 cou-

358 3405 515 3482 stausque
532 3399 692 3480 voluntas,
710 3398 748 3462 de
766 3421 831 3481 qua
847 3422 941 3464 nemo
967 3400 1120 3466 dubitare
1146 3402 1216 3466 sine
1243 3423 1354 3466 errore
1375 3407 1494 3484 potest,

357 3514 389 3571 et
405 3507 432 3571 si
448 3507 533 3571 forte
558 3507 758 3590 mandatum,
784 3506 871 3591 quod
888 3507 1071 3592 Capitoneo
1089 3517 1201 3575 nostro
1228 3509 1387 3588 dedimus,
1415 3511 1493 3574 unri-

358 3616 522 3680 cissimum
539 3622 573 3679 et
589 3616 861 3700 simplicissimum
878 3624 938 3682 aut
954 3619 1179 3699 revocandum,
1190 3626 1247 3682 aut
1263 3619 1491 3702 corrigendum

357 3729 390 3788 et
416 3724 649 3789 moderandum
668 3724 848 3792 videretur:
874 3727 1018 3793 declaret
1050 3727 1143 3792 nobis
1176 3734 1284 3792 vestra
1316 3725 1492 3808 Oelsitudo,

358 3832 511 3915 quoniam
529 3832 562 3896 id
580 3832 762 3916 Capitoneo
783 3833 1026 3914 imperabimus,
1043 3834 1129 3918 quod
1147 3856 1202 3899 vos
1220 3835 1288 3918 ipsc
1314 3819 1492 3899 volueritis.

357 3938 445 4006 Date
461 3939 495 4003 in
511 3946 622 4005 nostro
638 3939 757 4003 Ducali
773 3939 914 4021 Palatio,
935 3941 987 4006 die
1003 3940 1145 4008 XVIII.
1163 3940 1367 4024 Septembris
1392 3943 1492 4008 indic·

359 4048 451 4112 tione
468 4069 554 4112 nona
572 4044 847 4112 MCOCOLXX.
868 4051 995 4132 quinto,

401 4153 521 4218 Petrus
538 4155 709 4236 blocenigo
727 4156 790 4220 Dei
808 4155 926 4221 Gratia

463 4261 540 4326 Dux
557 4260 769 4330 Venetiarum
787 4271 846 4326 ect.
1310 4265 1447 4333 Foebus.

463 4407 591 4468 (Miltnoi
606 4408 767 4468 allamlttr.)
