3356 5266
701 409 795 473 1469.
1248 409 1310 472 159

184 586 332 673 panibus,
358 593 391 654 et
416 588 565 672 exposita
591 609 700 653 rerum
725 607 857 653 suarum
874 587 1064 652 conditione
1080 593 1111 650 et
1129 593 1226 669 statu,
1243 607 1312 652 urm

182 694 289 762 verbis
305 695 406 762 animi
421 716 531 762 eorum
546 697 720 762 maximam
736 696 920 780 passionem
937 701 970 760 et
986 694 1248 778 desperationem
1263 695 1310 760 in-

184 803 378 886 dicantibus,
395 803 562 888 petierunt
576 803 755 869 remedium
771 802 932 883 adhiberi,
948 825 988 868 ne
1015 801 1122 886 Regia
1148 801 1312 885 Majestas

187 911 363 996 Hungarie
378 911 452 977 illos
466 912 597 996 penitus
613 911 777 996 opprimat
793 917 826 976 et
842 909 1001 992 destruat,
1019 917 1053 975 et
1076 931 1226 995 expresse
1240 929 1313 994 pro-

185 1019 303 1086 testati
319 1027 394 1085 sunt
408 1041 444 1085 se
458 1019 666 1104 potiusquam
681 1040 833 1103 passuros
849 1017 985 1102 spoliari
1011 1018 1052 1083 ab
1079 1017 1173 1103 Rege
1197 1018 1313 1085 fortili·
1334 1103 1338 1112 ι

189 1128 249 1211 eijs
265 1135 300 1193 et
315 1134 404 1193 statu
421 1149 488 1210 suo,
504 1130 714 1193 commisuros
730 1126 807 1192 fidei
823 1125 1036 1207 'Purehorum
1051 1125 1184 1210 illisque
1201 1147 1312 1193 eorum

186 1233 344 1302 sortilioia
359 1236 558 1319 tradituros;
575 1243 608 1302 et
623 1237 771 1320 quamuis
796 1235 887 1302 vobis
903 1235 944 1300 de
960 1235 1021 1300 bae
1036 1236 1176 1302 materia
1191 1235 1313 1320 pluries

186 1344 409 1427 scripserimus
444 1353 475 1409 et
511 1365 569 1428 per
604 1344 753 1409 nuntium
778 1345 990 1428 ipsorummet
1020 1342 1246 1426 Dominorurn,
1277 1351 1315 1408 ut

185 1454 303 1518 vestris
319 1453 437 1518 litteris
453 1453 668 1536 eognovimus,
683 1451 743 1518 hec
758 1453 867 1519 omnia
884 1451 1016 1518 Summo
1041 1450 1197 1518 Pontifici
1222 1458 1314 1518 ante·

184 1559 247 1626 bac
263 1559 434 1626 notificata
448 1561 590 1643 fuerint3
614 1581 673 1626 uos
689 1569 800 1626 tamen
815 1561 981 1644 presentia
1009 1565 1043 1624 et
1067 1559 1175 1626 verbis
1201 1582 1312 1645 supra·

184 1669 379 1753 scriptorum
397 1667 561 1735 Comitum
576 1671 794 1754 maximopere
804 1670 885 1735 moti
896 1675 929 1734 et
938 1669 1081 1750 excitati,
1087 1668 1185 1754 ,vobis
1195 1671 1314 1735 iterum

185 1777 327 1844 scribere
352 1785 384 1842 et
408 1779 568 1863 replicare
593 1776 802 1859 decrevimus,
828 1799 898 1844 esse
914 1799 986 1843 oum
1002 1775 1134 1842 Summo
1150 1777 1310 1844 Pontifieo

185 1883 341 1967 debeatis,
356 1889 482 1971 querite
499 1895 531 1954 et
545 1889 675 1970 instate,
690 1893 728 1953 ut
743 1887 920 1954 Beatitudo
937 1885 1006 1954 Sua
1021 1885 1183 1952 Nuntium
1204 1909 1313 1970 quem-

184 1993 276 2078 piam
292 1996 423 2061 mittere
438 1995 482 2062 ad
496 1995 637 2080 Regiam
653 1993 867 2079 Majestatem
884 1995 1036 2078 dignetur
1055 2000 1089 2058 et
1104 1996 1243 2079 operari,
1260 2001 1309 2060 at·

187 2124 251 2186 que
266 2102 404 2188 efficere,
419 2104 507 2190 quod
522 2105 675 2189 predictis
692 2103 877 2171 Comitibus
888 2105 1003 2172 civitas
1024 2125 1083 2169 sua
1094 2103 1202 2188 Segne
1219 2105 1312 2168 resti-

185 2217 307 2293 tuatur,
323 2219 356 2277 et
371 2213 414 2278 ab
431 2212 544 2278 eadem
560 2211 739 2298 Majestate
764 2211 913 2278 sinantur
939 2210 1072 2296 paoifioe
1097 2212 1238 2295 gaudere
1263 2234 1314 2278 ve-

187 2322 252 2384 teri
270 2325 359 2386 statu
376 2343 552 2404 eorumne
568 2323 694 2406 majora
709 2320 785 2386 inde
801 2319 957 2386 scandala
982 2326 1015 2385 et
1030 2319 1236 2387 calamitates
1262 2343 1314 2386 re·

184 2428 249 2492 bus
266 2427 452 2494 christianis
468 2429 628 2514 eveniant,
644 2451 707 2512 que
724 2436 952 2513 perseverante
969 2428 1263 2512 RegiaMajestate
1278 2431 1312 2494 in

185 2561 254 2622 suo,
271 2539 314 2606 ad
329 2543 525 2607 eversionem
540 2541 758 2626 predictorum
775 2537 940 2606 Comitum
965 2541 1167 2624 propositum
1184 2561 1248 2604 non
1264 2561 1312 2603 se·

186 2651 244 2732 qui
261 2672 325 2715 non
340 2655 501 2734 poterunt

293 2779 449 2842 (Velenezei
461 2778 665 2830 Deliberazioni
678 2777 785 2829 Seorote
797 2777 841 2828 del
854 2777 956 2828 Senatu
972 2780 1120 2828 laos-to.
1134 2792 1190 2842 pag
1203 2779 1258 2840 80.)

671 2939 829 2950 *au—n·-

716 3143 789 3203 110.

185 3282 283 3346 1469.
310 3277 341 3346 Α
365 3282 517 3346 vdeacaei
544 3283 764 3348 dllumtaudoa
789 3283 921 3348 udiaaza
936 3307 987 3370 pr.
1002 3283 1205 3371 Frnopepaa
1221 3284 1313 3352 Mor-

184 3391 321 3472 tonaak,
346 3390 383 3454 ki
408 3415 430 3455 a
455 3413 593 3477 maqyar
618 3391 730 3478 kirtly
755 3391 910 3482 elleadben
936 3415 958 3456 a
974 3389 1180 3478 Sipnoriatol
1194 3395 1311 3481 sepeiyt

714 3499 789 3565 kere.

185 3635 530 3708 MOOOOLXUIIJ.
547 3639 599 3705 die
614 3638 713 3708 XVI.
729 3642 914 3728 Februarij.

294 3745 390 3831 Quod
405 3747 585 3834 Magnifioo
601 3747 724 3816 Oomiti
741 3751 887 3817 Martino
903 3751 943 3816 de
954 3751 1235 3838 Frangepanibus,
1253 3754 1310 3837 qui

183 3855 363 3924 subsidium
380 3864 528 3923 nostrum
544 3865 658 3925 eontra
675 3862 912 3945 oppressionem
930 3861 1033 3944 Regis
1049 3861 1222 3948 Hungarie
1238 3885 1311 3948 pos·

183 3963 281 4048 tulat,
297 3967 551 4048 respondeatur:

289 4072 540 4140 Molestissimas
556 4095 682 4159 semper
698 4075 798 4142 fuisse
815 4078 911 4144 nobis
927 4075 1310 4164 adversitates¹quascun

184 4204 248 4267 que
263 4203 340 4250 suas
350 4189 382 4249 et
391 4183 534 4249 fratrum
545 4205 675 4250 suorum
685 4193 718 4251 et
735 4188 840 4252 tocius
853 4189 978 4254 Domus
994 4210 1059 4268 sue,
1077 4190 1162 4255 siout
1177 4192 1239 4274 ipsi
1256 4213 1311 4275 op-

183 4292 255 4356 timi
270 4297 371 4357 testes
388 4299 471 4374 sunt,
489 4313 569 4374 quos
584 4292 627 4358 ad
644 4296 851 4360 concordium
867 4303 899 4359 et
916 4294 1034 4360 bonam
1062 4296 1148 4361 inter
1165 4319 1199 4362 se
1216 4298 1310 4363 intel-

186 4401 357 4484 ligentiam
374 4407 407 4466 et
421 4401 541 4466 litteris
559 4407 589 4466 et
606 4403 757 4468 missione
774 4405 961 4469 nuntiorum
992 4409 1025 4467 et
1051 4410 1213 4468 oratorem
1239 4429 1310 4471 nos-

184 4515 272 4574 trum
297 4531 423 4593 semper
449 4509 572 4575 hortati
589 4531 708 4592 sumus,
724 4513 994 4595 subveninrusque
1011 4509 1051 4575 de
1077 4513 1309 4579 munitionibus

185 4623 215 4681 et
240 4615 408 4698 aliquibus
434 4618 532 4684 etiam
557 4618 711 4702 peouuijs‚
737 4625 904 4686 utcontra
921 4621 1060 4703 impetus
1078 4617 1258 4686 Tureorum
1277 4644 1310 4688 se
