3336 5258
714 715 786 777 283.

183 875 281 940 1430.
299 875 464 961 Moeeaiqo
480 877 595 958 dunos,
620 877 776 941 velenezee'
802 878 879 963 depe
906 882 1177 965 mapparorszctpi
1200 881 1320 945 lovetot

182 982 302 1049 Laudo
328 981 455 1071 Alajoat
481 1009 502 1049 a
527 983 649 1072 septies?
682 984 779 1070 sziqet
810 985 950 1072 tlpye‘ben
977 1011 998 1052 a
1027 985 1171 1075 Maqyar
1196 988 1320 1054 Beluae

181 1093 447 1158 visazaoonuldso
463 1095 697 1159 ttuelkezte'bea
713 1095 930 1181 mepoctltozott
959 1095 1188 1183 oiszouyoklroz
1214 1097 1321 1183 tepeat

179 1202 441 1290 lctirttlmtuyesea
460 1205 637 1286 utasttvctn,
654 1205 818 1290 mentepeti
833 1229 855 1268 a
870 1205 1083 1291 letztdrsuactp
1099 1205 1269 1290 eljdrctsdt
1287 1209 1319 1270 es

174 1310 318 1396 jelezve'n
345 1336 359 1374 e
386 1311 517 1399 sziqetre
552 1314 642 1376 ae‘zve
674 1337 695 1376 a
722 1313 931 1399 klizlttrsosa'p
953 1312 1171 1398 featatoatpi
1194 1314 1319 1399 joquit,

181 1430 323 1506 paueret
348 1420 424 1484 earet
448 1444 469 1484 a
484 1422 640 1486 horrutole
667 1421 748 1486 altat
774 1421 972 1508 laborqotott
997 1421 1196 1487 dalmuoziai
1221 1423 1317 1487 alatt·

593 1530 689 1594 oalok
708 1530 846 1617 iiqyo'ben
863 1531 918 1595 ae.

133 1731 137 1736 -
184 1687 596 1756 MOOOOLXXVIIIII.
610 1691 664 1756 die
680 1690 855 1760 XXVIII.
872 1691 998 1775 Martij.

185 1801 213 1860 5.
231 1795 403 1892 Sapientes
421 1796 558 1882 Consilij
715 1799 740 1866 J
741 1800 1051 1882 oannesMoeenigo,
1064 1799 1114 1864 dei
1126 1801 1236 1882 gratia
1243 1799 1321 1864 Dux

184 1909 215 1970 4.
233 1904 407 1989 Sapientes
425 1912 448 1970 t.
465 1905 485 1970 f.
670 1904 886 1973 Venetiarum
902 1912 1004 1972 ateot.
1015 1906 1241 1972 Commitimus
1257 1908 1318 1974 tibi

186 1997 716 2098 Νἶίᾗῖᾗῶ-Αἶοῇἐὶὂᾞηυὰο,
742 2016 861 2081 dilecto
887 2016 948 2082 eivi
975 2022 1007 2081 et
1030 2015 1120 2081 fideli
1143 2020 1320 2109 nostrohut

185 2143 241 2188 eas
259 2123 381 2191 Orator
407 2127 519 2188 noster
545 2122 588 2188 ad
614 2121 862 2190 Serenissimum
887 2122 1066 2190 Dominum
1084 2123 1210 2209 Regem
1224 2105 1319 2189 Hun-

184 2233 283 2316 garie.
310 2233 357 2298 Et
383 2233 545 2314 quomodo
570 2237 746 2316 postquam
767 2231 956 2316 designatus
981 2233 1078 2312 fuisti,
1093 2237 1217 2300 mutate
1242 2235 1317 2297 sunt

184 2363 292 2406 rerum
319 2340 419 2424 Vegle
445 2340 654 2420 conditiones,
687 2344 815 2406 mutata
841 2346 891 2406 est
913 2342 1015 2406 etiam
1039 2341 1145 2424 prima
1176 2339 1317 2404 intentio

184 2455 308 2532 nostra,
339 2451 426 2513 eirea
465 2447 604 2513 sormam
644 2449 874 2515 mandatorum
905 2448 965 2514 tibi
997 2447 1190 2530 dandorum,
1221 2469 1319 2532 quam

184 2556 307 2622 luerat:
323 2562 361 2621 ut
377 2556 554 2623 declaratis
568 2556 697 2640 juribus
714 2557 834 2622 nostris
849 2558 883 2621 in
899 2555 1049 2640 predicta
1065 2556 1320 2639 insula,peteres

185 2673 218 2731 et
232 2665 425 2750 impetrares
450 2664 683 2730 abstinentiam
708 2666 960 2751 oppugnationis
987 2671 1021 2730 et
1045 2668 1268 2749 aptamentum
1284 2663 1319 2728 in

64 2801 65 2804 ¹
183 2777 280 2842 rebus
295 2773 469 2860 predictis3
487 2774 542 2842 sed
561 2774 723 2857 quomodo
739 2775 848 2840 Maier
864 2773 946 2839 Blas
964 2774 1136 2858 desperato
1153 2792 1318 2857 expugna·

183 2886 273 2952 tione
288 2885 380 2950 urbis
397 2905 430 2949 se
450 2882 492 2948 ab
503 2883 560 2948 illa
576 2883 718 2948 retraxit
734 2890 767 2948 et
783 2883 817 2947 in
834 2887 938 2948 totum
955 2883 1101 2948 deseruit
1119 2880 1317 2964 impresiam,

184 2992 414 3078 confessusque
432 2998 482 3057 est
500 2991 682 3076 Oapitaneo
708 2997 821 3057 nostro
848 2990 993 3074 generali
1019 3011 1054 3056 se
1070 3011 1109 3055 ex
1135 2988 1242 3074 eapite
1260 3009 1317 3054 suo

104 3171 107 3176 ,
184 3103 336 3170 adortum
370 3101 470 3166 fuisse
503 3101 653 3184 insulam,
668 3122 734 3168 non
766 3123 805 3167 ex
829 3101 939 3184 Regia
964 3099 1178 3184 impositione,
1208 3099 1318 3166 existi-

185 3232 276 3276 mans
291 3209 325 3274 id
341 3209 449 3276 iacere
475 3229 582 3294 posse,
597 3210 666 3275 sine
692 3215 807 3275 nostra
831 3209 961 3294 injurie,
977 3210 1012 3274 in
1037 3208 1193 3274 ultionem
1220 3207 1319 3274 offen·

185 3321 311 3386 sianum
327 3317 489 3384 laetarum
505 3340 563 3403 per
580 3315 740 3385 Comitem
756 3318 782 3385 J
783 3339 922 3384 oannem
938 3317 1042 3401 Regio
1059 3317 1263 3384 Sublimitati
1286 3318 1320 3381 in

185 3428 378 3510 continenti,
387 3427 443 3492 ubi
458 3427 617 3492 nonnulla
639 3427 778 3494 castella
793 3431 1015 3512 occupaverat,
1031 3448 1097 3492 non
1113 3431 1163 3490 est
1179 3425 1320 3511 amplius

184 3537 412 3618 necessarium,
428 3540 466 3600 ut
490 3537 529 3600 de
550 3533 658 3602 Maier
683 3535 764 3600 Blas
790 3537 936 3618 aliquam
959 3535 1062 3600 iacias
1087 3535 1319 3619 expostulatio-

185 3666 268 3730 nem,
285 3649 342 3710 aut
357 3651 470 3729 petere
493 3644 537 3728 id,
554 3644 641 3728 quod
657 3642 782 3709 factum
804 3646 872 3730 jam
889 3649 957 3710 est:
972 3650 1147 3729 propterea
1163 3643 1320 3724 volumus,

186 3760 222 3818 ut
239 3759 387 3838 tempore
405 3759 438 3818 et
454 3755 525 3819 loco
551 3753 728 3818 constituto
754 3753 797 3818 ad
821 3757 912 3817 tuam
937 3752 1124 3821 audentiam
1149 3758 1225 3837 post
1247 3773 1321 3836 pre-

186 3866 330 3926 sentatas
346 3861 459 3926 literas
477 3861 693 3928 credentiales
710 3859 864 3929 attactas
880 3862 921 3927 de
941 3883 1031 3929 more
1054 3862 1269 3930 salutationes
1285 3867 1319 3927 et

186 3969 368 4036 oblationes
385 3967 575 4035 amicabiles
591 3967 786 4036 affectuosas
810 3977 843 4037 et
866 3971 1021 4038 liberales
1039 3991 1112 4036 eum
1127 3971 1234 4037 verbis
1250 3990 1323 4052 gra-

185 4077 279 4143 vibus
305 4083 339 4142 et
364 4075 592 4160 accomodatus,
616 4079 810 4163 principium
840 4079 1053 4164 expositionis
1081 4085 1138 4144 tue
1167 4099 1275 4144 sumas
1302 4102 1322 4146 a

187 4185 409 4253 declaratione
424 4187 528 4272 prime
544 4207 643 4253 cause
663 4194 696 4254 et
711 4188 903 4254 intentionis
928 4193 1049 4269 nostre,
1065 4187 1153 4253 eirea
1179 4185 1320 4253 destina-

186 4297 309 4362 tionem
325 4299 427 4377 tuam‚
444 4317 506 4380 que
523 4295 566 4361 ad
583 4296 837 4364 conservandam
862 4297 948 4364 inter
972 4319 1029 4364 nos
1045 4316 1160 4381 paoem
1175 4316 1320 4376 necessa-

185 4405 236 4471 ria
252 4403 434 4488 videbatur,
444 4426 485 4470 ne
496 4405 603 4491 Regia
613 4406 775 4494 MaJestas
785 4413 819 4472 et
828 4408 889 4491 sui,
898 4407 1121 4474 existimantes
1136 4411 1169 4470 te
1185 4405 1320 4472 missum

186 4533 255 4586 esse
272 4513 313 4581 ad
330 4513 474 4604 aliquam
490 4515 672 4586 taciendam
698 4517 942 4586 exeusationem
958 4537 1066 4584 rerum
1082 4513 1244 4583 laetarum
1260 4536 1319 4604 per
