3334 5276
364 375 406 440 22
719 389 955 437 nmnounoznu
971 377 1140 436 6666666.

362 551 559 622 Franciscus
575 549 719 618 Michael
857 549 940 618 Vult
979 555 1106 635 partem
1146 548 1402 634 suprascriptam
1434 569 1492 632 per

284 663 286 668 ’
363 659 503 744 Sapiens
517 655 678 726 Ordinum
792 662 907 742 totum,
937 663 1047 744 preter
1078 657 1161 724 illud
1190 663 1321 724 tantum
1346 656 1491 738 verbum,

363 750 548 854 ilir'o'd'dffit
566 767 698 836 >dolere
714 768 890 852 cogimur<

468 872 522 941 De
537 879 633 959 parte
648 875 701 940 46.

470 1037 627 1098 (valenae
645 1037 825 1102 insmktrm
846 1040 917 1100 117.)

903 1523 953 1584 12.

362 1701 458 1766 1466.
475 1697 506 1764 Α
523 1699 673 1764 6616666661
689 1699 910 1764 allamtana'oa
927 1701 1057 1765 odlaeza
1072 1725 1095 1765 a
1111 1724 1251 1788 mayyar
1266 1701 1379 1785 kira‘ly
1395 1701 1488 1764 16166-

355 1805 552 1887 1166166161
568 1807 817 1892 61666161]άόόί
835 1809 1023 1873 oiassattroc
1040 1809 1251 1895 kitallpatdet
1269 1819 1361 1892 ayant
1377 1833 1399 1871 a
1417 1807 1489 1871 kez-

814 1918 1040 2004 tdreasdpadl.

362 2071 649 2144 Mccochxvl.
666 2073 718 2140 116
733 2074 780 2154 H,
796 2071 892 2158 dulij.

363 2181 625 2250 secundianus
855 2181 953 2268 Quod
993 2181 1185 2249 Reverendo
1217 2182 1313 2250 Patri
1350 2183 1493 2250 Domino

361 2287 534 2375 Sapientes
554 2287 691 2374 Consilij
792 2290 965 2374 Proposito
989 2289 1392 2376 Quinque-Ecclesiarum,
1411 2293 1494 2360 Ora-

452 2422 468 2457 »
553 2403 576 2461 t.
592 2397 613 2460 f.
791 2398 854 2463 tori
879 2397 1086 2463 Serenissimi
1102 2397 1205 2481 Regis
1231 2399 1414 2484 Huugarie,
1438 2401 1496 2481 qui

453 2529 469 2566 ›
556 2504 720 2574 Ordinum
790 2526 956 2588 regressus
973 2529 994 2570 a
1010 2505 1159 2571 Romano
1176 2505 1346 2586 Pontifice,
1362 2505 1404 2572 ad
1422 2529 1495 2591 pre·

283 2667 288 2675 .
362 2613 501 2682 seutiam
517 2597 781 2696 nostramiemt,
794 2621 827 2678 ct
843 2613 1018 2697 explicavit
1042 2613 1144 2696 nobis,
1170 2613 1250 2698 quid
1276 2615 1495 2698 reportaverit

359 2721 493 2788 tandem
509 2744 530 2786 a
546 2719 678 2786 Summo
696 2719 941 2803 Pontifice,tam
951 2721 1039 2786 eirca
1056 2720 1294 2804 expeditionem
1304 2723 1491 2804 generalem

359 2850 513 2914 preanno
532 2828 643 2894 futuro
662 2834 779 2894 contra
796 2828 948 2910 Tereum,
964 2851 1022 2912 pro
1040 2850 1106 2912 qua
1119 2828 1205 2894 dixit
1221 2850 1255 2893 se
1271 2829 1440 2912 scripsisse
1459 2837 1493 2896 et

359 2936 488 3006 dedisse
513 2957 645 3020 operam
670 2959 728 3020 per
753 2938 839 3002 viam
864 2936 987 3020 Anglie
1013 2944 1045 3001 et
1071 2935 1271 3020 Burgundio,
1287 2937 1366 3002 licet
1381 2939 1415 3002 in
1431 2937 1493 3004 hoc

229 3073 234 3080 ·
357 3067 473 3130 parum
502 3049 659 3128 speraret,
675 3064 774 3127 quam
792 3047 891 3111 etiam
907 3045 994 3111 circa
1008 3044 1137 3111 favores
1164 3045 1204 3110 de
1229 3045 1374 3130 presenti
1401 3045 1487 3110 exhi-

358 3151 481 3222 bendos
498 3159 613 3220 contra
638 3174 806 3220 comunem
831 3153 962 3233 hostem,
990 3154 1046 3238 qni
1073 3159 1147 3217 sunt
1173 3153 1214 3218 de
1240 3151 1369 3218 ducatis
1394 3152 1431 3217 X
1448 3174 1490 3216 m.

358 3259 398 3328 de
415 3261 534 3346 quibus
550 3281 660 3328 aecum
674 3261 752 3327 tulit
767 3261 896 3328 litteras
913 3261 1059 3328 habendi
1074 3261 1127 3327 hio
1144 3283 1199 3326 eos
1215 3260 1344 3327 nomine
1361 3257 1489 3326 Summi

357 3367 538 3449 Pontificis,
562 3369 762 3436 ostendendo
787 3369 826 3435 de
851 3369 917 3434 illis
941 3368 1050 3436 facere
1076 3391 1213 3453 parvum
1238 3390 1368 3450 casum,
1392 3391 1432 3433 ne
1449 3369 1490 3436 ob

357 3477 439 3544 istas
455 3478 610 3562 pecuniae
626 3477 779 3546 videatur
796 3477 892 3543 aliter
909 3477 991 3542 velle
1007 3475 1147 3561 obligari
1172 3476 1350 3542 Dominum
1376 3499 1471 3542 suum
1487 3503 1494 3560 3

360 3584 448 3670 quod
475 3607 540 3653 non
566 3586 667 3652 sitin
693 3585 845 3653 libertate
871 3606 930 3653 sua
954 3585 1106 3672 possendi
1130 3584 1281 3651 devenire
1308 3587 1350 3651 ad
1374 3607 1490 3670 paoem

361 3693 412 3761 vel
429 3693 472 3762 61
487 3693 692 3764 sufferentias
716 3715 791 3762 cum
816 3693 932 3775 Turno,
957 3693 1270 3777 rememorandoqne
1287 3694 1492 3762 affectionem

356 3801 489 3870 Domini
519 3804 569 3870 sui
594 3800 770 3884 uobiscum,
796 3802 908 3886 quiin
934 3802 1082 3869 omnibus
1107 3801 1300 3869 intendebat
1324 3805 1492 3869 nobiscum

357 3932 484 3995 semper
499 3908 1211 3996 66116666661666616616668666616616666
1223 3909 1490 3978 D.Ducemhuic
1549 3941 1551 3948 ’

357 4017 502 4090 oonsilio
517 4021 661 4088 relatum
677 4026 735 4088 est.
751 4018 1024 4104 Respondeatur:

464 4124 560 4212 Quod
585 4129 814 4208 intelleximus,
840 4135 999 4212 quantum
1014 4127 1084 4212 ipse
1099 4126 1260 4193 Dominus
1276 4126 1401 4196 Orator
1426 4149 1485 4212 per

357 4232 444 4302 hunc
460 4258 552 4305 suum
567 4236 744 4305 redituma
773 4234 907 4302 Summo
931 4234 1092 4302 Pontifice
1118 4233 1288 4304 nobiscum
1313 4233 1488 4301 affectuose

358 4345 616 4428 communicavit,
641 4350 676 4410 et
699 4363 899 4427 magnopere
925 4344 987 4410 sibi
1012 4343 1241 4428 regratiamur,
1257 4349 1488 4426 cognoscentes

357 4452 445 4521 istud
461 4453 639 4538 procedere
656 4477 676 4518 a
692 4457 849 4519 consueta
865 4451 1038 4518 affectione
1054 4451 1157 4536 Regia
1173 4451 1362 4535 Majestatis
1383 4452 1416 4514 in
1428 4473 1486 4516 nos

358 4569 392 4629 et
407 4561 450 4628 ab
466 4561 670 4628 humanitate
687 4561 790 4646 ipsius
807 4561 964 4628 Oratoris.
979 4561 1025 4628 Et
1040 4561 1128 4627 circa
1152 4559 1196 4642 id,
1213 4557 1301 4643 quod
1326 4557 1481 4626 Summus
