3356 5266
676 788 726 844 78.

135 941 281 1006 1469.A
302 943 452 1007 octonezei
466 944 685 1008 dllomtondcs
708 947 814 1030 Aymo
836 946 953 1011 Jo'nost
977 947 1101 1010 kdvetdl
1125 948 1223 1012 uulda·
1246 973 1267 1011 α

135 1053 326 1114 csdsza'rdoz
351 1052 383 1115 c's
408 1075 429 1115 a
455 1075 595 1138 propper
620 1053 788 1138 kircilyluoz
815 1078 836 1116 a
864 1055 954 1118 tto-dit
980 1054 1072 1118 ellani
1102 1056 1268 1119 ddbordra

133 1159 282 1222 conuolsis
298 1160 407 1244 vc'qett,
423 1159 596 1224 kertensem
611 1185 650 1224 oz
675 1162 779 1226 orobos·
802 1161 930 1248 luircdyt
948 1164 1151 1228 Boszuicibon
1169 1167 1269 1227 idmo-

131 1267 240 1330 dcirca
256 1267 395 1331 dsztdrrzi
404 1291 411 1347 ;
428 1271 521 1354 cc'prc
538 1293 560 1333 o
573 1271 687 1334 edisseri
704 1271 766 1335 huin
783 1273 816 1334 c'e
832 1294 888 1358 epy
903 1275 1023 1354 scopein
1039 1272 1159 1358 potpdr·
1176 1272 1269 1336 odda·

388 1377 462 1462 stipi
484 1375 648 1443 d'doetelc'se
665 1380 848 1466 tdrqyoidaa
864 1382 1015 1464 uctoritja.

7 1514 14 1602 ζ
132 1531 481 1603 urcoocnxvnu.
498 1536 550 1602 ue
567 1535 764 1607 xxvrm.
779 1535 884 1624 runo.

245 1641 306 1710 Ser
321 1643 445 1710 doanni
469 1643 578 1730 Aymo
603 1646 708 1730 militi,
736 1647 873 1714 Oratori
899 1652 1010 1714 nostro
1038 1647 1080 1712 ad
1098 1645 1272 1712 serenissi-

132 1771 224 1814 mum
240 1748 414 1816 Dominum
432 1750 669 1836 Imperatorem
695 1760 729 1819 et
755 1754 798 1818 ad
825 1752 1073 1821 Serenissimum
1096 1752 1271 1820 Dominum

133 1860 265 1942 Regem
281 1857 463 1944 Huugarie.

7 1995 25 2056 t⁸
132 1966 247 2032 Ceteri
265 1965 468 2073 Sapientes!
518 1970 689 2052 Quomodo
716 1976 888 2054 postquam
921 1969 1176 2037 commissionem
1201 1990 1270 2034 ves-

133 2082 225 2141 tram
241 2076 470 2158 expedivimus,
487 2083 744 2160 supervenerunt
761 2100 843 2144 nova
861 2079 1061 2144 excursionis
1089 2076 1272 2143 Turcorum

135 2190 172 2249 et
190 2186 291 2268 prede
308 2188 424 2254 abacto
441 2211 479 2254 ex
506 2187 584 2252 locis
608 2187 826 2270 Imperatoris
851 2186 1051 2271 Majestatis‚
1070 2187 1216 2252 volumus
1239 2192 1273 2251 st

136 2291 229 2358 uobis
245 2295 446 2378 mandamus,
462 2301 499 2360 ut
516 2295 618 2360 eidem
645 2295 817 2379 Majestati
843 2294 1019 2360 declaretis
1044 2293 1194 2360 omnibus
1209 2293 1273 2358 illis

135 2399 326 2468 efficacibus
342 2411 376 2469 ct
392 2401 611 2468 accomodatis
628 2403 745 2484 verbis,
762 2425 825 2486 quc
842 2403 933 2470 vobis
944 2403 1151 2488 videbuntur,
1162 2402 1274 2486 displi-

10 2579 21 2592 ,
136 2509 284 2575 conciam
301 2518 335 2576 et
350 2511 533 2578 molestiam
551 2512 652 2576 animi
669 2513 773 2576 nostri
789 2511 831 2576 ob
856 2512 1039 2577 universale
1065 2509 1273 2577 incomodum

136 2625 172 2683 et
192 2617 332 2684 dedecus
358 2619 500 2685 omnium
527 2620 799 2700 christianorum
824 2627 857 2684 et
883 2619 1045 2703 quomodo
1066 2620 1099 2684 in
1115 2619 1275 2704 majorem

136 2725 247 2790 adhuc
263 2725 494 2792 contumeliam
510 2728 657 2792 universe
684 2727 861 2811 reipublice
888 2725 1076 2792 Christiane
1097 2726 1197 2792 Turni
1212 2726 1274 2810 ipsi

136 2834 322 2916 provincias
348 2840 382 2898 et
407 2832 553 2902 subditos
582 2835 769 2919 Majostetis
802 2835 865 2903 Sue
898 2837 1015 2919 capitis
1047 2842 1080 2901 ot
1111 2834 1275 2918 suppremi

137 2943 300 3028 principis
316 2939 577 3010 Christianorum
594 2951 704 3029 petere
720 2952 754 3009 et
770 2943 906 3028 aggredi
922 2945 994 3010 ausi
1010 2951 1094 3026 sunt,
1109 2948 1143 3008 et
1158 2963 1276 3027 aggra-

136 3058 217 3118 vata
232 3053 298 3116 ista
312 3058 417 3136 parte,
437 3057 682 3135 memoratoque
708 3051 928 3134 Imperatoris
954 3049 1175 3118 Sublimitatis
1201 3049 1276 3132 Sue,

138 3163 301 3241 quantum
326 3157 581 3241 Imperatorium
606 3180 723 3224 munus
750 3165 783 3224 et
810 3160 1022 3243 Majcstatem
1039 3181 1132 3226 suam
1150 3159 1277 3240 deceat,

137 3274 299 3351 quantum
331 3268 551 3352 magnitudini
577 3270 678 3334 animi
705 3270 773 3354 ejus
800 3271 973 3336 conveniat
1003 3267 1084 3334 talia
1110 3269 1277 3350 sustinere,

137 3375 200 3442 sed
231 3378 438 3460 magnanime
463 3397 497 3442 se
523 3378 666 3443 excitare
692 3384 725 3442 ot
749 3399 877 3443 movere
902 3379 946 3444 ad
980 3376 1195 3443 vindicandas
1219 3375 1278 3442 has

136 3485 280 3568 injurias
303 3485 441 3569 hortari,
466 3485 611 3566 suadere,
635 3493 668 3551 et
693 3485 845 3552 inducere
862 3493 1047 3572 procurate,
1062 3495 1100 3552 ut
1116 3485 1278 3572 Msjestas

138 3591 213 3659 Sua
229 3592 272 3658 ad
288 3593 414 3659 validas
431 3594 630 3676 provisiones
650 3615 684 3660 se
700 3594 860 3678 disponat,
886 3595 935 3660 vel
961 3616 1034 3661 cum
1058 3594 1277 3679 intelligentia

137 3700 341 3784 reliquorum
356 3702 539 3785 principum
550 3701 810 3768 Christianorum
825 3704 875 3768 vel
891 3703 998 3783 aliter,
1010 3702 1094 3770 sicut
1109 3704 1182 3788 ipsa
1193 3702 1278 3788 judi-

140 3810 271 3875 caverit
287 3817 514 3893 opportunum.

251 3918 345 3984 Inter
360 3917 546 4003 hujusmodi
564 3941 728 3985 sermones
745 3920 911 3987 declarate
928 3920 1148 4004 Imperatoris
1173 3917 1279 3985 Subli·

138 4027 251 4093 mirati
268 4023 345 4108 Sue,
362 4048 419 4092 nos
434 4035 570 4109 paratos
588 4033 621 4094 et
637 4029 811 4112 dispositos
827 4052 895 4096 esse
912 4029 1072 4096 exlatere
1098 4035 1210 4092 nostro
1237 4025 1280 4090 ad

139 4135 338 4217 faciendum,
371 4141 530 4218 quantum
561 4159 618 4220 per
649 4159 706 4204 uos
734 4138 886 4221 possibile
917 4140 961 4203 sit
993 4159 1051 4220 pro
1077 4134 1280 4200 retundendo

138 4248 270 4329 impetu
286 4245 384 4329 hujus
406 4245 536 4326 inimici,
562 4254 596 4313 et
621 4248 647 4310 si
674 4248 779 4330 magis
805 4269 913 4328 unum,
937 4269 1036 4329 quam
1052 4244 1145 4310 aliud
1161 4243 1282 4326 Majes·

140 4352 206 4416 tati
224 4349 290 4416 Sue
306 4374 363 4435 per
381 4375 438 4417 nos
458 4353 643 4420 faciendum
670 4355 846 4438 videretur,
872 4354 1085 4420 libentissime
1112 4351 1281 4417 audiemus

142 4460 402 4544 sapientissimas
418 4464 668 4528 memorationes
685 4461 749 4529 Sue
777 4463 992 4548 Imperatorio
1019 4459 1224 4528 Sublimitati
1250 4465 1281 4523 et

143 4589 218 4637 cum
237 4567 354 4638 effectu
370 4571 469 4638 etiam
485 4571 650 4651 faciemus,
667 4579 826 4658 quantum
850 4573 934 4638 vires
960 4575 1137 4660 suppetunt
1162 4573 1281 4644 nostre,
