3356 5266
326 351 390 413 loa
676 369 913 415 nnnounozrsr
929 356 1098 414 amusan.

328 549 390 610 qus
406 527 513 594 fedam
531 529 618 595 illius
643 530 825 614 tyranidem
852 530 1095 613 propagaverit,
1111 530 1162 595 his
1184 529 1365 596 rationibus
1392 551 1458 595 mo·

327 637 390 702 niti
407 636 449 702 ob
465 638 669 724 desiderium,
684 640 891 722 studiumque
916 645 1064 704 nostrum
1089 639 1203 704 salutis
1229 645 1262 704 et
1287 660 1457 705 conserva·

326 745 424 810 tionis
440 751 548 812 status
564 767 685 831 eorum,
700 749 846 814 misimus
862 751 896 812 tc
911 746 1018 831 prima
1033 747 1103 812 vioe
1119 746 1163 812 ad
1178 746 1310 813 illorum
1327 747 1456 832 Magni-

324 852 485 934 ficentias,
517 861 633 939 postea
668 858 815 923 misimus
841 854 1041 921 Ludovicum
1069 855 1217 920 Maneuti
1241 855 1456 920 secretarium

326 967 481 1047 nostrum,
497 984 583 1028 nunc
599 986 676 1030 vero
691 971 726 1031 te
741 967 858 1032 iterum
885 964 1015 1030 mittere
1041 962 1302 1048 deliberavimus,
1327 969 1364 1028 ut
1390 984 1455 1028 non

327 1069 431 1136 solum
457 1071 592 1139 oensilio
608 1072 868 1160 Magnificeneijs
884 1074 958 1156 suis,
976 1072 1033 1137 sed
1050 1071 1152 1138 savori
1179 1073 1279 1169 etiam
1307 1078 1342 1138 et
1367 1071 1456 1136 auxi-

326 1179 370 1244 lio
386 1180 525 1248 adfines
550 1201 662 1250 eorum
684 1183 841 1250 tutandos
866 1189 899 1248 et
924 1181 1160 1249 conservandos
1186 1202 1254 1246 esse
1280 1181 1457 1265 possimus;

328 1297 361 1355 et
386 1293 549 1374 quomodo
573 1294 665 1360 nulla
689 1315 725 1361 re
751 1295 856 1378 magis
882 1293 1088 1360 firmamento
1114 1297 1147 1358 et
1176 1298 1376 1376 augumento
1391 1297 1457 1354 sta-

327 1405 420 1464 tuum
437 1405 469 1463 et
494 1401 700 1468 dominorum
727 1408 777 1468 est
806 1402 1029 1483 accomodata,
1056 1421 1153 1484 quam
1179 1401 1357 1466 domestica
1382 1419 1456 1464 con-

327 1509 440 1573 cordia
456 1515 489 1574 et
511 1511 671 1575 unanimis
696 1511 865 1595 dispositio
890 1515 924 1574 et
948 1529 1122 1574 consensus
1139 1509 1292 1588 omnium,
1317 1527 1456 1591 quorum

325 1617 472 1698 interest,
484 1641 506 1710 e
523 1619 650 1684 diverso
665 1620 757 1685 nulla
773 1617 994 1704 periculosior,
1010 1618 1102 1682 nulla
1118 1616 1336 1701 pernitiosior,
1356 1638 1455 1699 quarn

328 1724 486 1791 dissensio
503 1730 535 1790 et
552 1726 723 1812 discordia,
740 1727 825 1792 siout
842 1725 925 1791 alias
940 1724 1084 1807 fecimus
1109 1725 1158 1790 ita
1172 1725 1456 1808 impresentiarum

326 1831 591 1930 Magnificentias
618 1833 701 1902 Suae
716 1839 855 1919 paterna
870 1839 982 1900 nostra
997 1834 1031 1898 in
1047 1854 1104 1900 eos
1120 1831 1291 1898 affectione
1316 1837 1349 1898 et
1374 1833 1456 1898 cari-

326 1948 397 2009 tate
412 1941 590 2027 hortamur,
606 1948 728 2010 uttam
743 1945 830 2009 inter
848 1965 891 2027 se,
907 1963 1006 2027 quam
1022 1965 1094 2008 cum
1121 1940 1304 2007 Oomitibus
1330 1939 1456 2006 Gorba-

325 2051 377 2114 vie
401 2051 435 2114 in
459 2050 572 2116 eadem
596 2053 671 2117 navi
695 2058 729 2118 et
753 2051 898 2136 periculo
922 2049 1085 2135 naufragij
1113 2072 1222 2116 seeum
1254 2050 1451 2133 constitutis,

328 2159 483 2244 depositis
507 2158 592 2242 odijs
617 2165 650 2225 et
674 2159 897 2226 simultatibus
922 2159 1025 2224 amice
1050 2159 1170 2242 vivant,
1194 2165 1228 2223 et
1255 2157 1454 2223 adsalutem

325 2267 468 2332 emnium
484 2289 593 2334 omnes
608 2269 708 2334 unitis
724 2268 846 2334 viribus
863 2274 1068 2347 concurrant,
1080 2267 1204 2351 quodsi
1216 2266 1367 2332 fecerint:
1386 2287 1454 2330 oer-

328 2375 488 2440 tissimum
514 2382 563 2441 est
589 2375 712 2444 Tereos
729 2399 794 2442 non
811 2378 879 2443 sine
895 2377 1038 2442 maxima
1054 2373 1253 2441 difficultate
1268 2395 1364 2459 posse
1379 2374 1453 2438 illos

326 2479 497 2548 offendere.
514 2483 561 2548 Et
576 2485 807 2552 accedentibus
823 2486 925 2550 etiam
942 2482 1068 2550 Summi
1092 2479 1262 2548 Pontificio
1287 2481 1454 2548 favoribus

327 2596 361 2656 et
375 2592 504 2674 nostris,
522 2612 601 2674 quos
617 2594 683 2659 illis
699 2592 826 2676 offeras,
843 2615 907 2659 non
924 2593 1029 2659 solum
1048 2613 1082 2656 se
1097 2589 1287 2674 tuebuntur,
1304 2589 1361 2655 sed
1382 2591 1454 2656 hos-

326 2698 415 2763 tibus
431 2698 598 2764 formidini
614 2706 717 2784 erunt,
733 2723 773 2766 ne
789 2703 838 2767 ita
854 2701 943 2766 licite
959 2705 993 2764 et
1018 2698 1174 2766 inoffense
1199 2698 1365 2782 rapiendo,
1389 2695 1453 2762 dis-

327 2807 529 2890 sipandoque
555 2809 703 2874 subditos
720 2831 805 2890 suos,
822 2813 984 2894 vagentur
1001 2814 1035 2874 et
1050 2808 1252 2890 discurrant,
1272 2805 1454 2898 hujusmodi

326 2916 532 2982 concordiam
549 2924 583 2980 et
598 2919 848 3003 intelligentiam
862 2920 949 2985 inter
965 2920 1053 3003 ipsos
1069 2915 1214 2984 Comites
1231 2924 1266 2983 et
1290 2917 1375 2984 inter
1399 2936 1454 2982 eos

325 3021 471 3090 Oomites
488 3023 658 3109 Corbavie,
675 3033 712 3091 ut
735 3029 879 3093 omnium
904 3027 1122 3094 remediorum
1146 3025 1453 3110 principalissimum

323 3131 569 3200 fundamentum
587 3137 778 3218 procurabis
795 3137 881 3202 omni
899 3135 1008 3203 studio
1024 3141 1059 3200 et
1075 3135 1251 3218 diligentia
1266 3139 1333 3216 tua,
1350 3139 1384 3201 et
1394 3155 1454 3220 pro

324 3239 386 3306 hac
402 3240 515 3308 eadem
531 3263 567 3307 re
584 3244 720 3310 accedes
737 3247 837 3310 etiam
853 3246 887 3309 in
903 3241 1110 3326 Corbaviam,
1127 3243 1154 3308 si
1165 3243 1264 3309 fuerit
1274 3264 1364 3327 opus,
1380 3264 1454 3308 cum

323 3349 443 3419 litteris
460 3353 582 3418 uostris
598 3351 850 3418 credentialibus
879 3353 921 3418 ad
946 3351 1156 3435 suadendum,
1179 3351 1384 3432 hortandum,
1409 3352 1478 3416 in-'

324 3459 572 3545 ducendumqne
588 3459 733 3527 Comites
751 3462 916 3546 predictos
932 3460 974 3526 ad
995 3461 1218 3545 supradictam
1245 3461 1453 3528 concordiam

326 3572 360 3632 et
375 3569 630 3653 intelligentiam
647 3591 706 3655 pro
727 3571 854 3636 comuni
881 3591 990 3636 eorum
1018 3571 1124 3636 salute
1150 3576 1183 3635 et
1199 3571 1454 3657 conservatione,

323 3680 556 3761 unanimesque
573 3677 616 3743 ad
632 3678 850 3743 defensionem
861 3679 1207 3761 conservationemque
1217 3679 1365 3744 locorum
1381 3699 1453 3744 suo-

322 3808 394 3851 rum
412 3791 445 3850 et
460 3787 506 3850 eis
522 3785 639 3850 offeras
656 3787 754 3850 etiam
771 3786 906 3866 favores,
934 3807 1016 3866 quos
1041 3785 1109 3852 illis
1137 3785 1327 3871 impendere
1352 3789 1453 3872 possi-

324 3917 403 3975 mus,
420 3901 454 3960 et
469 3895 599 3960 honesti
616 3895 691 3960 sint.

428 4003 527 4068 Dices
552 4007 704 4087 preterea
730 4003 804 4084 illis,
831 4004 917 4086 quod
939 4003 1037 4088 juxta
1061 4005 1333 4070 memorationem
1359 4003 1452 4069 nobis

321 4132 424 4194 nuper
439 4111 561 4180 factam
576 4133 635 4195 per
651 4111 809 4178 Oratores
826 4109 966 4178 Comitis
983 4110 1118 4195 Stefani,
1134 4110 1235 4177 habes
1252 4134 1273 4176 a
1298 4111 1392 4178 nobis
1417 4113 1451 4176 in

321 4217 494 4302 mandatis,
530 4221 740 4285 conveniendi
776 4243 849 4286 cum
890 4219 1082 4287 Reverendo
1114 4221 1257 4287 Domino
1287 4219 1452 4304 Episcopo

322 4325 699 4412 Quinqueecolesiarum,
724 4329 750 4394 si
776 4328 816 4394 R.
843 4329 1033 4394 Paternitas
1069 4351 1128 4395 sua
1152 4330 1188 4394 in
1212 4326 1362 4413 partibus
1388 4329 1451 4393 illis

320 4436 512 4531 propinquis
528 4436 699 4523 reperitur,
716 4459 779 4520 quo
796 4444 832 4504 tu
849 4459 960 4506 secure
976 4439 1023 4504 ire
1039 4438 1155 4526 possis,
1172 4444 1294 4506 etcum
1320 4460 1358 4505 ea
1375 4459 1451 4522 que·
