3356 5266
356 317 419 380 10⁰
706 333 938 380 urruounczrar
956 321 1124 380 susurru.

352 491 448 559 illata
464 513 524 576 pro
539 495 682 576 presenti
698 495 855 577 impresia
870 499 987 560 contra
1004 492 1130 576 Regem
1146 492 1287 558 Boemie
1311 491 1384 556 Ser.
1411 491 1485 556 Rex

353 600 535 685 Hungarie‚
550 601 768 686 intelligendo
784 624 818 668 se
835 603 917 668 bene
934 625 1009 669 cum
1025 600 1097 668 Ser.
1113 601 1259 666 Domino
1269 600 1485 683 Imperatore,

353 711 434 774 vires
449 731 525 776 suas
539 709 650 776 'Purco
668 719 851 795 opponeret
867 721 902 780 et
918 713 1066 778 resistere
1084 709 1172 774 illius
1198 709 1371 776 conatibus
1400 708 1481 771 nite-

353 827 452 896 retur,
467 825 662 902 tuerentque
677 822 788 903 potius
805 821 897 903 regni
914 819 1040 903 proprij
1057 817 1140 884 flues
1161 823 1194 882 et
1205 817 1360 896 membra,
1377 835 1476 897 quarn

355 927 404 990 sui
430 926 532 1010 ipsius
560 927 798 1009 qrrodammodo
816 928 989 1010 obligatus,
1014 947 1072 992 sua
1098 925 1277 992 dilacerare
1302 922 1344 988 ab
1369 923 1486 987 Turris

355 1040 523 1117 pateretur
548 1055 608 1117 pro
634 1033 826 1103 offendendo
853 1038 1003 1102 Boemos.
1019 1035 1103 1118 Hoc,
1118 1031 1206 1117 quod
1223 1033 1317 1097 nobis
1341 1031 1484 1096 occurrit

356 1139 460 1205 eidenr
477 1139 658 1206 Beatudini
675 1166 734 1226 pro
751 1143 859 1209 officio
875 1152 908 1209 et
934 1143 1045 1209 debito
1075 1151 1196 1224 nostro,
1220 1161 1347 1224 proque
1363 1139 1479 1203 fidutia

356 1256 457 1332 spect
473 1249 647 1317 deuotione
664 1262 775 1318 nostra
793 1254 824 1317 in
852 1251 1069 1318 Sanctitatem
1096 1249 1197 1316 Suam
1225 1247 1424 1314 notificatum
1451 1255 1484 1310 et

356 1357 461 1423 verbis
478 1358 603 1424 idoneis
631 1381 762 1426 suasum
779 1381 837 1445 per
863 1381 919 1424 ros
944 1360 1114 1430 voluimus,
1140 1367 1310 1442 sperantes
1335 1356 1425 1421 illam
1452 1355 1485 1416 in

358 1465 515 1548 optimam
533 1475 658 1550 partem
676 1475 884 1551 accepturam
902 1475 934 1532 et
951 1487 1162 1548 quascunque
1178 1465 1261 1531 alias
1272 1465 1405 1528 devotas
1421 1484 1486 1526 me-

359 1575 562 1639 moratioues
581 1583 720 1641 nostras.

463 1738 620 1796 (Velenczsi
634 1739 813 1803 atlamtcnyv
829 1745 852 1790 3.
868 1741 896 1799 l.)

361 2335 456 2399 1469.
482 2333 511 2398 A
538 2333 691 2396 velenczei.
715 2329 935 2394 dllumtana'rs
960 2333 1155 2395 haldrozata
1182 2357 1201 2394 a
1228 2335 1359 2418 Mdtyu'a
1375 2335 1488 2420 kircily

361 2444 520 2508 tooorttez
538 2441 700 2506 lcitldendd
715 2439 841 2504 kdcetel·
858 2440 962 2519 irritet,
978 2441 1037 2504 kil·
1053 2442 1185 2526 Mdtya‘s
1208 2442 1389 2526 kirdlynuk
1406 2467 1427 2504 u
1444 2448 1488 2505 td-

449 2553 507 2616 rttlr.
523 2551 619 2614 alloni
635 2550 836 2632 ltadjdratru
854 2549 928 2612 ruald
942 2549 1147 2628 felkdrdaesoel
1164 2549 1399 2634 megbizotuak.

360 2743 710 2815 uccocuxvssss.
728 2743 780 2808 die
796 2743 954 2812 XXVII.
970 2743 1096 2830 Martij.

447 2854 544 2940 Quod
555 2853 597 2919 ad
608 2851 820 2935 Magnificum
832 2853 977 2919 Militum
983 2855 1160 2919 Dominum
1171 2855 1346 2922 Nicolaum
1355 2854 1489 2921 deBud-

360 2986 402 3030 ua
412 2962 540 3028 Comite
552 2961 634 3050 (ἴῃ)
647 2961 855 3026 Possoniensi
868 2960 950 3050 (igy)
960 2969 1125 3027 oratorem
1137 2959 1344 3028 Serenissimi
1356 2963 1487 3028 Domini

359 3071 460 3150 Regis
475 3069 648 3146 Huugsrie
665 3069 752 3134 mitti
767 3067 907 3134 debeant
923 3070 987 3135 duo
1004 3091 1043 3134 ex
1053 3069 1218 3136 nobilibus
1235 3070 1387 3156 Collegij,
1403 3070 1489 3154 quod

359 3179 487 3243 nomine
504 3179 607 3242 nostri
625 3176 770 3259 Dominij
790 3199 861 3243 cunr
874 3177 980 3242 verbis
991 3179 1228 3276 pertinentibus
1244 3179 1371 3262 gratias
1387 3187 1488 3262 agant
1614 3223 1617 3228 -

359 3287 463 3352 eidem
492 3287 633 3350 Domino
660 3283 795 3352 Oratori
822 3309 882 3369 pro
908 3289 1169 3354 conrunicaticne
1198 3286 1287 3354 facta
1321 3287 1487 3352 nobiscum

360 3405 426 3460 tarn
454 3416 571 3474 rerum,
596 3416 678 3476 (luas
704 3416 777 3460 eum
802 3394 945 3462 Domino
972 3394 1064 3478 Rege
1091 3395 1301 3460 Ferdinando
1322 3395 1489 3478 conclusit

360 3525 456 3588 quarn
473 3499 560 3568 diste
575 3502 770 3567 celebrande
796 3504 829 3568 in
856 3503 1032 3588 Hungaria
1049 3525 1145 3588 super
1161 3505 1396 3587 compositione.
1412 3504 1490 3569 belli

255 3657 259 3667 .
361 3609 506 3675 Boemioi
523 3617 582 3674 etr.
599 3609 646 3674 Rt
668 3607 895 3694 subjungatur,
921 3609 1008 3693 quod
1035 3617 1194 3696 tempora,
1219 3612 1488 3694 conditionesque

363 3739 469 3781 rerum
487 3717 741 3782 christianorum
758 3719 977 3801 maximopere
995 3725 1183 3802 exposcunt,
1201 3725 1238 3783 ut
1263 3719 1319 3783 ille
1346 3717 1490 3786 Sereuis·

360 3825 461 3890 sinrus
478 3823 638 3889 Dominus
654 3823 728 3889 Rex
755 3823 951 3908 posthabitis
977 3826 1093 3890 ceteris
1110 3827 1248 3910 negotijs
1265 3825 1389 3911 dirigat
1405 3829 1490 3893 rires

360 3953 436 3997 suas
452 3939 565 3998 contra
581 3931 765 4012 Turchum;
782 3939 816 3996 et
832 3940 1052 3998 memorentur
1062 3934 1207 4018 pericula
1217 3934 1487 4014 christianorum;

360 4041 573 4123 dicanturque
601 4061 651 4120 ea,
667 4061 730 4123 que
748 4061 805 4105 nos
821 4064 841 4105 a
860 4040 964 4106 latere
991 4047 1103 4108 nostro
1119 4041 1256 4108 facimus
1282 4049 1372 4109 terra
1398 4047 1492 4110 niari-

361 4155 552 4231 quocontra
570 4147 757 4229 'l'urchun13
774 4156 807 4214 et
824 4150 939 4214 ultimo
955 4149 1027 4216 loco
1044 4151 1222 4216 suadeatur
1239 4158 1272 4218 et
1290 4153 1488 4236 instetu1·‚ut

360 4255 519 4338 Majestas
538 4257 608 4320 Sua
625 4264 742 4322 contra
760 4255 925 4323 'l'urchum
942 4279 976 4322 se
992 4269 1122 4325 moveat
1147 4265 1180 4324 et
1205 4282 1328 4326 memor
1353 4268 1490 4346 paterne

359 4363 463 4446 glorie
489 4369 522 4428 et
547 4373 598 4428 tot
624 4363 863 4448 triumphorum
889 4387 929 4430 ex
956 4367 1026 4451 ipso
1051 4367 1145 4434 hoste
1162 4369 1340 4434 relatorum
1356 4370 1390 4434 id
1406 4377 1491 4456 agat·

359 4471 435 4558 quid
452 4493 503 4536 res
519 4473 702 4543 christiane,
720 4474 761 4538 ab
777 4495 825 4556 eo,
841 4479 877 4537 ut
893 4473 1071 4540 christiano
1104 4485 1136 4542 et
1152 4479 1380 4560 potentissimo
1399 4479 1490 4563 Rege
