3336 5258
403 307 472 366 311
761 318 995 363 ausoniensi
1015 305 1183 363 1111111.

1656 439 1658 462 1

406 480 504 544 sione.
520 476 591 542 ohel
610 475 718 541 Tusco
737 498 797 540 non
816 479 863 540 ita
880 476 998 559 passim
1025 488 1202 556 vagaretur
1226 494 1286 558 per
1310 473 1392 538 istos
1416 473 1541 538 limites
1657 561 1658 564 Ἴ

405 587 592 654 Germanic.

513 711 565 778 La
590 713 723 779 Maesta
749 708 894 778 Cesarea
924 712 1028 778 anche
1059 732 1131 777 essa
1155 711 1340 778 convocatis
1358 707 1543 788 Nobilibus,
1656 727 1658 804 4

409 818 505 884 Olero
523 825 556 883 et
571 817 768 902 primatibus
793 818 988 903 populorum
1012 818 1128 901 patrie,
1143 815 1212 882 fece
1238 839 1304 884 una
1328 817 1417 882 dieta
1433 839 1454 882 a
1469 837 1543 900 pro·
1656 855 1658 904 4

407 929 526 992 visione
544 925 583 990 de
599 927 660 992 tali
678 927 806 1010 impetti
832 925 887 990 dai
903 925 1022 1006 'Purco³
1048 946 1106 1011 per
1132 924 1220 992 dicta
1235 925 1324 991 dieta
1339 923 1374 990 fu
1390 923 1543 990 ordinata
1657 913 1658 976 l

407 1042 498 1101 certe
512 1042 600 1119 taxa,
616 1037 712 1120 quale
729 1035 814 1100 omni
840 1035 1017 1100 settimsna
1041 1033 1086 1098 ha
1112 1033 1153 1099 ad
1170 1033 1361 1116 racogliersi
1378 1054 1436 1116 per
1453 1053 1543 1097 man·
1656 1053 1658 1084 2

406 1151 516 1210 tenere
535 1143 678 1226 tmiglia
694 1141 818 1208 homini
834 1164 854 1207 a
870 1143 953 1208 ocrti
969 1142 1069 1226 passi,
1079 1141 1139 1208 che
1154 1141 1186 1208 le
1201 1148 1289 1208 terre
1306 1140 1346 1205 de
1362 1140 1396 1204 la
1408 1139 1544 1204 Maesta

408 1251 551 1318 Cesarea
567 1250 643 1316 nell’
654 1251 804 1317 svveuire
822 1251 915 1316 siano
932 1251 1037 1318 sicure
1054 1249 1097 1315 da
1113 1251 1180 1316 1111
1195 1250 1387 1316 insursione.
1414 1248 1455 1312 Li
1472 1268 1543 1330 pre·
1656 1251 1658 1318 J

406 1360 485 1426 dicti
519 1357 650 1446 Signori
682 1357 843 1424 'I'odeschi
874 1358 982 1424 hanno
1017 1359 1174 1424 mandato
1206 1379 1263 1422 suo
1296 1354 1542 1422 Ambassadore
1657 1385 1658 1390 ¹

407 1467 655 1552 Salzburgensis
679 1469 862 1552 Episcopus
888 1475 1007 1533 venuto
1031 1469 1065 1534 in
1090 1488 1241 1550 persone,
1257 1473 1294 1531 ut
1310 1465 1483 1532 conferant
1508 1466 1541 1528 in
1656 1529 1658 1542 ,

407 1577 555 1661 expensis
580 1583 613 1641 et
638 1577 850 1641 aorescersssi
875 1597 1008 1641 nurnero
1035 1575 1076 1639 dc
1102 1581 1199 1658 gente
1223 1597 1283 1660 per
1299 1575 1404 1641 tenire
1428 1573 1541 1639 forniti
1657 1605 1658 1646 3

406 1685 486 1750 certi
504 1685 601 1769 passi.
612 1684 667 1749 Ita
684 1685 744 1749 che
759 1704 824 1750 non
841 1684 946 1750 solum
962 1683 986 1748 il
1001 1705 1101 1767 paese
1117 1683 1204 1749 della
1213 1683 1343 1750 Maesta
1352 1683 1542 1768 imperiale,
1657 1673 1658 1752 ?

407 1815 461 1858 ma
478 1793 576 1858 etiam
593 1799 681 1858 tutta
697 1793 730 1858 11
740 1791 922 1858 Germania
938 1799 1027 1858 resta
1043 1812 1158 1858 securo
1174 1791 1353 1858 delTurco.
1364 1793 1410 1856 Et
1426 1796 1543 1876 questa

407 1907 511 1984 parte,
527 1906 565 1967 ut
581 1907 631 1966 est
647 1901 765 1985 opinio,
781 1900 904 1967 havera
918 1901 1001 1966 loco.

515 2045 566 2111 La
583 2045 800 2111 serenissima
816 2043 969 2130 Signoria
984 2043 1024 2109 ds
1034 2041 1175 2114 Venetis
1190 2045 1321 2110 intende
1337 2050 1452 2129 queste
1468 2064 1543 2126 pra·

408 2153 495 2218 tiche
512 2157 545 2217 et
561 2152 640 2218 dicti
657 2152 736 2219 faeti
753 2175 811 2237 per
828 2153 980 2218 ordinare
996 2159 1113 2218 contra
1129 2155 1158 2219 11
1175 2152 1293 2234 Turco,
1309 2174 1402 2218 como
1422 2150 1543 2235 quella,
1657 2177 1658 2206 1

407 2260 504 2343 quale
530 2282 654 2345 sempre
680 2261 842 2326 laboravit
866 2267 898 2326 ct
923 2259 1055 2326 laborat
1071 2282 1131 2344 pro
1148 2258 1340 2326 Christiana
1365 2261 1542 2344 religioue3

407 2367 451 2431 ha
467 2369 622 2434 mandato
639 2371 668 2434 el
686 2370 835 2454 predicto
853 2390 911 2434 suo
929 2368 1168 2434 Ambassatore
1194 2367 1360 2434 offerendo
1377 2367 1543 2436 contribu-

407 2477 497 2541 tione
524 2498 544 2541 a
570 2477 659 2543 dieta
684 2499 787 2562 spese,
812 2499 878 2544 non
903 2476 1114 2560 proponendo
1139 2478 1227 2543 altra
1250 2484 1339 2562 taxa,
1354 2479 1414 2545 ohe
1437 2479 1542 2542 solum
1657 2513 1658 2516 κ

408 2583 526 2665 quella,
544 2584 640 2668 quale
656 2585 813 2650 ordinare
837 2591 870 2650 et
892 2590 1007 2650 taxsra
1024 2585 1057 2649 la
1072 2587 1206 2653 Maesta
1221 2586 1398 2670 Imperiale
1424 2591 1457 2650 et
1482 2586 1542 2651 obe
1657 2631 1658 2652 1

407 2711 466 2774 per
482 2696 569 2756 tutte
585 2699 698 2774 queste
716 2693 956 2758 contributione
981 2713 1015 2758 se
1041 2692 1221 2759 feruissaro
1237 2693 1316 2758 certi
1343 2693 1431 2777 passi
1454 2692 1543 2756 nella
1656 2699 1658 2736 ²

409 2796 557 2878 Oroatia,
583 2801 631 2864 ita
657 2800 715 2866 che
741 2822 804 2866 non
831 2801 933 2866 solum
960 2798 1147 2878 Germania,
1165 2799 1222 2866 sed
1247 2801 1317 2885 ipss
1344 2801 1447 2866 Italia
1471 2807 1544 2865 tuta
1656 2787 1658 2802 ⁴

408 2909 492 2970 esset
508 2927 528 2970 a
544 2905 704 2973 barbaris.

516 3030 567 3096 La
582 3033 716 3099 Maesta
732 3033 785 3100 del
802 3033 851 3099 Re
869 3033 898 3099 d'
908 3032 1058 3116 ngaria
1083 3033 1127 3098 ha
1151 3033 1306 3100 mandato
1322 3033 1347 3097 il
1363 3031 1544 3100 Cardinale

409 3157 467 3201 suo
483 3159 541 3221 per
551 3136 801 3206 Ambasciatore
817 3142 903 3206 intro
922 3141 962 3205 al’
972 3141 1089 3206 ultimo
1105 3141 1135 3206 d'
1145 3137 1296 3224 Ottobre,
1311 3149 1464 3227 receputc
1482 3164 1542 3207 con
1657 3195 1658 3230 3

409 3265 509 3310 onore
535 3248 686 3314 solemne.
702 3250 794 3316 Inter
821 3257 938 3332 cetera,
956 3271 1018 3333 que
1036 3248 1190 3315 dicuntur
1214 3250 1256 3316 ab
1277 3271 1315 3314 eo
1332 3251 1543 3335 propositae
1656 3317 1658 3348 ἦ

409 3359 534 3436 questu
551 3354 660 3420 chela
675 3357 805 3422 Maesta
829 3357 882 3422 del
898 3358 949 3422 Re
974 3357 1190 3438 d’Ungharia
1215 3379 1279 3424 non
1304 3357 1348 3424 ha
1372 3380 1462 3442 pace,
1478 3381 1542 3423 non

408 3467 525 3543 tregua
551 3463 602 3527 ool
629 3464 745 3548 Turco,
771 3487 788 3529 e
814 3463 873 3531 che
905 3487 939 3530 se
972 3464 1050 3530 (1111
1075 3462 1292 3532 Christianita
1317 3467 1364 3549 gli
1389 3465 1433 3530 fia
1465 3466 1544 3532 dato
1657 3451 1658 3466 ³

409 3568 549 3651 qualche
580 3572 719 3637 sussidio
758 3573 978 3654 conveniente,
1009 3593 1205 3657 recuperare
1236 3573 1269 3640 la
1298 3573 1432 3651 Bossia,
1464 3574 1543 3657 qual
1657 3579 1658 3606 ³

410 3683 519 3761 spetta
547 3699 567 3742 a
600 3679 657 3763 luj,
683 3687 716 3745 et
741 3681 799 3745 che
825 3703 885 3765 par
910 3681 958 3746 111
983 3683 1126 3765 impresa
1151 3703 1170 3746 ο
1196 3683 1447 3765 recuperazione
1479 3703 1543 3748 non

410 3786 514 3850 solum
531 3786 605 3852 fara
623 3787 730 3853 sicura
747 3789 802 3854 dal
819 3789 928 3854 Turco
945 3789 979 3854 11
994 3787 1176 3856 Germania
1193 3797 1226 3856 et
1245 3791 1352 3872 Italia,
1369 3813 1422 3858 ma
1437 3793 1493 3876 piu
1510 3792 1543 3856 la

409 3889 556 3974 Oroatia,
580 3894 762 3978 Dalmatia,
787 3902 878 3962 tutta
903 3899 936 3962 la
962 3895 1168 3978 Schisvonia‚
1199 3897 1376 3964 l’Albania
1401 3906 1434 3966 et
1458 3900 1542 3966 altre

409 3999 580 4067 Provincia
596 4001 783 4068 christiane.

516 4143 612 4208 Istud
629 4150 689 4226 est,
706 4145 793 4230 quod
810 4168 869 4229 per
884 4145 944 4212 hos
961 4148 1118 4215 Oratores
1144 4147 1199 4212 hic
1215 4155 1340 4232 agatur,
1357 4150 1447 4232 quali
1463 4153 1542 4216 tutti

409 4247 524 4314 dicono
549 4251 683 4316 tendere
710 4252 752 4317 ad
777 4255 992 4336 provisionem
1018 4260 1132 4320 contra
1156 4255 1186 4318 el
1211 4253 1321 4321 'Purcc
1347 4261 1380 4320 et
1405 4258 1437 4322 io
1462 4261 1542 4324 satis
1657 4269 1658 4296 ³

408 4356 516 4440 credo,
532 4357 590 4423 ohe
606 4360 717 4425 invero
733 4361 781 4426 ita
805 4368 1002 4446 opporteret.
1019 4362 1089 4428 Pur
1103 4383 1167 4427 non
1184 4368 1279 4427 tanto
1305 4384 1466 4448 presumo,
1484 4367 1542 4433 che
1657 4389 1658 4394 ¹

409 4461 515 4528 dsbbo
532 4462 602 4528 fare
617 4465 751 4549 judicio,
762 4465 889 4534 Vestra
905 4465 1059 4551 Signoria
1075 4469 1332 4553 prudentissima
1347 4476 1446 4556 potrs
1460 4472 1542 4556 judi·
1656 4541 1658 4622 Ῑ
