3340 5260
29 4627 185 4791 Ὗ·

377 335 441 396 218
728 353 960 400 ornnonnozrni
977 341 1145 398 enniana.
1260 361 1263 370 ¹

377 512 407 577 le
425 533 505 593 cose,
523 511 566 578 da
582 513 614 579 la
630 535 694 600 poy
713 537 777 580 non
794 513 867 580 fara
883 535 974 598 pace,
990 535 1031 579 ne
1047 521 1166 597 tregua
1181 514 1215 578 in
1241 536 1365 580 summa
1390 519 1506 598 questa

378 619 532 704 Signoria
557 621 586 687 si
612 622 741 689 ritrova
765 624 798 688 in
823 621 949 705 grande
974 624 1128 706 travagli,
1144 623 1188 688 ali
1215 623 1318 706 quelli
1345 643 1411 688 non
1427 643 1505 687 sano

375 731 532 812 reparari.
550 728 693 796 Venetia
710 731 762 796 die
778 730 894 797 ultimo
910 732 991 816 May
1010 735 1104 796 1471.

421 836 460 902 Ε.
479 836 519 904 V.
537 839 590 903 Ill.
607 839 685 904 Exo.
903 837 1111 906 fidelissimus
1127 839 1274 907 Servitor
1290 836 1460 904 Gerendus

716 959 719 966 ⁴
1097 948 1136 1013 de
1154 946 1266 1014 Oollis.

481 1054 709 1120 Illustrissimo
727 1055 872 1139 Principi
889 1057 940 1122 stb
944 1105 1043 1123 .....
1060 1057 1144 1123 Duei
1162 1057 1194 1122 di
1212 1054 1349 1122 Milano.

482 1163 610 1223 (Milanoi
623 1164 785 1227 arlamltar.)

374 1726 466 1790 1471.
493 1727 665 1792 Gerendus
690 1729 727 1791 de
754 1725 853 1792 Cotta
878 1728 1027 1792 tovetnet·
1054 1753 1075 1792 1
1101 1728 1239 1792 miltiadi
1255 1728 1440 1812 herczeytrez
1458 1729 1502 1789 r'rt

453 1834 654 1919 jeiente'se'btil
670 1860 690 1899 a
709 1837 797 1900 111νό1·
815 1837 1060 1922 mozqatmaara
1081 1837 1251 1902 eorratkozo
1267 1836 1410 1899 iriooaat.

478 1995 704 2061 Illustrissimo
723 1996 851 2078 Signor.
870 1993 993 2079 Scripsi
1009 1997 1114 2061 l’altro
1131 2016 1229 2062 zorno
1253 2018 1274 2060 a
1291 1996 1412 2063 Vestro
1430 1991 1502 2058 Oel-

373 2103 522 2183 situdine,
547 2125 639 2169 oomo
665 2103 771 2188 dopoy
797 2104 829 2168 la
855 2111 976 2170 venuta
1003 2104 1043 2168 de
1060 2105 1167 2185 questi
1185 2101 1319 2169 Oratori
1337 2104 1379 2169 da
1394 2103 1502 2168 Roma

371 2211 431 2277 stb.
456 2262 462 2276 .
494 2261 500 2275 .
532 2263 539 2276 .
571 2263 577 2277 .

479 2317 524 2382 Di
550 2319 609 2384 fati
636 2319 688 2383 del
713 2319 831 2384 turoho
858 2319 972 2384 adviso
999 2318 1121 2386 Vostre
1147 2319 1359 2401 Excellentie‚
1386 2319 1446 2384 ohe
1466 2319 1500 2382 11

371 2427 525 2510 Signoria
542 2435 592 2492 sta
607 2427 640 2492 in
657 2427 780 2511 grande
798 2427 895 2492 dubio
912 2436 945 2492 et
961 2449 1193 2512 pagura‚pe1·o
1210 2429 1269 2493 ohe
1285 2447 1348 2492 ano
1374 2425 1496 2508 advisa

370 2537 429 2600 che
446 2559 504 2621 per
521 2541 611 2600 terra
627 2558 706 2602 sono
724 2539 829 2618 grossi
845 2539 878 2600 in
896 2534 1067 2602 Dalmatia
1078 2544 1111 2601 et
1121 2536 1269 2601 Albania
1280 2543 1312 2602 et
1325 2535 1493 2614 dubitano,

373 2667 437 2709 non
453 2643 569 2709 vadino
586 2666 731 2728 aearnpo
748 2667 767 2709 a
785 2644 924 2725 Seuteri,
941 2646 983 2709 ho
1000 2667 1020 2710 a
1037 2643 1201 2729 Spalatro,
1219 2647 1296 2712 item
1308 2666 1369 2711 ano
1380 2644 1495 2708 adviso

370 2753 412 2818 da
429 2753 551 2838 Napoli
568 2753 607 2818 de
625 2754 797 2836 Romania,
815 2755 887 2820 ohel
903 2754 1018 2818 tnroho
1035 2755 1212 2838 apareehia
1224 2753 1347 2838 grande
1358 2758 1498 2832 armata,

369 2884 421 2926 rna
438 2883 504 2926 non
522 2883 610 2944 sano,
622 2861 662 2926 sil
679 2863 788 2944 voglia
804 2864 894 2928 venir
911 2863 950 2927 de
968 2885 1032 2945 «lua
1049 2863 1090 2928 ho
1107 2863 1210 2927 anrlar
1228 2863 1262 2926 in
1278 2881 1367 2925 mare
1383 2861 1496 2939 maior,

369 2991 432 3034 non
449 2967 513 3034 vidi
529 2991 602 3053 may
620 2969 774 3052 Signoria
787 2991 866 3054 pezo
883 2970 1031 3036 atlvisata
1058 2970 1087 3034 di
1111 2969 1286 3055 progressi,
1304 2991 1342 3032 ne
1361 2968 1499 3052 consigii

370 3079 403 3142 di
419 3099 475 3160 soy
492 3078 621 3160 inimici,
633 3079 690 3142 ohe
708 3079 749 3144 he
767 3086 890 3162 questa.
902 3081 947 3145 Et
964 3101 1044 3144 sono
1060 3081 1220 3146 talmente
1237 3078 1372 3162 invagiti
1383 3085 1414 3140 et
1427 3097 1497 3159 spa·

368 3188 502 3270 niniati,
518 3187 577 3252 ohe
594 3187 619 3250 si
638 3187 670 3252 lo
688 3189 801 3252 tur-cho
818 3189 908 3271 pigla
925 3189 957 3252 la
975 3190 1060 3254 volte
1077 3190 1116 3252 do
1133 3211 1207 3272 qna,
1224 3189 1293 3253 loro
1312 3207 1373 3252 ano
1392 3205 1499 3249 messe

368 3300 401 3358 et
427 3293 555 3358 Candia
581 3315 597 3358 e
622 3301 695 3359 tuto
725 3295 867 3361 Levante
893 3317 952 3378 per
979 3304 1121 3379 spozato,
1147 3317 1210 3362 ano
1235 3297 1297 3360 ben
1314 3293 1499 3360 deliberato

367 3403 507 3466 mandat·
523 3403 556 3466 in
574 3399 703 3468 Candia
719 3403 800 3470 fanti
812 3403 851 3470 II
869 3405 968 3484 mille,
978 3427 1031 3470 nra
1047 3406 1101 3470 111
1111 3403 1246 3485 tendite,
1263 3405 1336 3470 ehio
1353 3401 1444 3482 redo,
1458 3400 1500 3464 sil

368 3509 484 3574 turoho
501 3511 592 3576 siene
610 3511 682 3576 fora
699 3533 771 3576 sera
788 3512 894 3593 prima
909 3533 1008 3596 persa
1026 3511 1163 3593 Candia,
1180 3512 1238 3578 ehe
1253 3511 1276 3576 li
1293 3509 1376 3575 t'anti
1402 3507 1495 3574 siano

368 3617 562 3699 inbarohati‚
589 3619 654 3684 Dio
679 3619 744 3684 faoi
769 3622 801 3685 lo
827 3623 947 3704 meglio
974 3643 1031 3703 por
1057 3621 1081 3686 li
1109 3618 1300 3687 Christiani.
1320 3619 1354 3684 A
1369 3616 1495 3686 Vostra

366 3724 444 3791 ill-a
461 3727 614 3809 Signoria
630 3730 783 3794 continue
800 3751 850 3796 me
867 3732 1064 3796 riooniando.
1081 3729 1179 3797 Altro
1206 3731 1245 3795 de
1262 3750 1345 3795 novo
1361 3749 1427 3792 non
1443 3727 1494 3790 lie.

472 3833 515 3897 D.
531 3835 697 3900 Zacharia
710 3837 861 3902 Barbare
877 3839 921 3904 ha
938 3840 1081 3906 refutato
1098 3840 1242 3905 l’andata
1258 3837 1315 3903 dal
1325 3833 1446 3899 Duoha
1456 3833 1497 3897 de

365 3941 491 4007 Ferara
507 3952 537 4009 et
554 3966 617 4010 ano
634 3945 747 4010 allecto
765 3945 805 4010 D.
815 3945 965 4013 Antonio
982 3950 1126 4031 Donato,
1140 3949 1216 4031 qual
1230 3945 1352 4011 anchor
1372 3965 1437 4008 non
1454 3941 1499 4007 ha

364 4057 523 4134 aceptato.
541 4051 683 4118 Venetia
700 4055 752 4120 die
770 4055 831 4124 VI.
848 4057 874 4123 J
875 4059 940 4142 unij
962 4063 1060 4124 1471.

408 4161 448 4225 E.
466 4159 506 4229 V.
522 4162 576 4226 Ill.
591 4163 672 4228 Exc.
888 4165 1095 4235 fidelissimus
1111 4165 1259 4233 Sarritor
1276 4159 1448 4228 Gerardus

1086 4277 1126 4342 de
1144 4271 1258 4340 Collis.

470 4374 697 4444 Illustrissirno
715 4379 776 4446 stb.
800 4430 807 4445 .
838 4429 845 4446 .
876 4433 883 4448 .
913 4384 1029 4448 .Duoi
1046 4385 1080 4449 di
1097 4382 1233 4449 Milano.

471 4481 600 4546 (Milanoi
612 4487 770 4552 eilamlte'sr.)
