3334 5276
650 661 700 724 17.

107 824 204 888 1466.
220 826 251 890 A
267 822 421 887 veleoczei
435 821 655 888 attaminatos
670 819 804 887 cdlosza
821 847 843 886 a
859 825 1131 910 mapyororozdpi
1153 824 1241 889 tonet

164 933 289 996 restire
305 955 326 995 u
341 931 432 996 torol
448 930 588 1015 dpyekre
604 930 637 994 ts
644 925 742 1017 sdleq
758 931 915 996 Klissciro
934 931 1172 1017 vonatkozdlag.

2 1093 3 1118 ³
103 1085 394 1160 Mcoconxvl.
410 1089 463 1155 dJ'e
479 1088 620 1158 XVIII.
641 1087 855 1173 Septembris.

2 1285 3 1288 Ἴ
105 1195 166 1265 Ser
181 1194 309 1268 Vitatis
325 1196 442 1265 Laudo
458 1197 518 1262 Dr.
635 1194 732 1282 Quod
749 1196 885 1264 Oratori
908 1197 1113 1266 serenissimi
1136 1200 1241 1286 Regis

104 1313 136 1371 et
151 1305 247 1372 miles
263 1303 479 1371 Consiliarius
589 1303 1121 1392 Hungarie,respondeatur,qu0d
1132 1329 1241 1395 quam-

104 1417 246 1498 primum
271 1414 490 1479 intelleximus
517 1411 692 1480 adveutum
732 1415 896 1497 regiarum
931 1416 1098 1498 copiurnm
1130 1439 1239 1484 versus

107 1519 268 1604 eliseum,
283 1523 388 1588 visum
404 1527 453 1587 est
469 1520 562 1586 nobis
587 1541 653 1586 non
678 1523 782 1587 solum
807 1523 849 1588 ob
875 1543 943 1588 rem
967 1545 1032 1589 non
1048 1528 1159 1610 magui
1175 1549 1241 1593 mo-

102 1629 207 1695 menti
223 1628 416 1714 impeditum
431 1629 474 1692 iri
490 1627 587 1714 longe
603 1629 729 1712 mojona
745 1636 777 1693 et
800 1628 1069 1714 msguficentiors
1093 1636 1242 1717 negocia,

1 1751 2 1786 ³
103 1759 168 1822 que
194 1742 308 1803 contre
331 1758 500 1803 comunem
523 1737 650 1803 hostem
676 1759 749 1802 oum
773 1737 880 1820 glorie
905 1737 1009 1824 Regie
1026 1739 1242 1808 Celsitudinis

1 1928 2 1932 Ἰ
104 1851 139 1912 et
155 1843 308 1928 Suarum,
324 1851 574 1928 nostrarumque
589 1865 697 1910 rerum
723 1847 891 1912 commodo
919 1848 1077 1930 singulari
1101 1847 1170 1914 fieri
1186 1869 1242 1933 po·

108 1957 263 2037 tuissent,
291 1955 349 2020 sed
373 1952 484 2019 multis
500 1953 600 2019 etism
625 1953 754 2037 preberi
770 1974 902 2020 causum
925 1956 1135 2022 existimandi
1152 1957 1241 2022 inter

1 2107 2 2120 2
101 2061 246 2147 Regium
262 2062 505 2130 Sublimitetem
521 2068 555 2128 et
569 2081 628 2128 uos
643 2081 709 2128 uon
726 2083 796 2127 esse
811 2062 902 2127 illam
919 2084 1026 2129 veram
1055 2063 1241 2147 intelligen-

101 2171 188 2235 tiam
205 2176 239 2236 et
255 2171 438 2236 animorum
453 2170 723 2254 conjunctionem,
739 2191 801 2253 que
818 2191 853 2236 re
869 2193 946 2237 vera
962 2179 1021 2254 est,
1048 2179 1081 2238 et
1101 2174 1240 2239 antehac

102 2278 147 2342 ab
164 2279 313 2345 omnibus
329 2277 455 2343 credite
470 2283 504 2343 et
513 2277 699 2344 existimate
710 2283 838 2342 tantam
847 2279 1085 2362 reputationem
1103 2289 1136 2346 et
1152 2281 1241 2347 fevo·

102 2406 175 2451 rem
201 2384 300 2450 rebus
325 2383 391 2452 Sue
415 2385 521 2470 Regis
545 2385 734 2468 Mejestutis
760 2391 794 2450 et
817 2388 937 2451 nostris
963 2387 1084 2470 attulit,
1108 2395 1236 2454 attento

102 2495 287 2577 presertim,
303 2493 392 2577 quod
417 2499 558 2558 castrum
584 2492 666 2558 illud
691 2497 728 2557 ut
752 2493 828 2577 alijs
853 2515 969 2577 parum
992 2494 1168 2562 utilitatis:
1191 2496 1239 2562 itu

1 2594 2 2658 Ῐ
99 2600 202 2666 rebus
227 2601 346 2666 nostris
372 2600 413 2666 ob
442 2600 540 2665 situm
566 2605 599 2664 et
623 2599 901 2684 propinquitatem
926 2621 997 2666 cum
1023 2601 1102 2668 locis
1119 2605 1240 2669 nostris

1 2715 2 2802 ᾗ
101 2709 201 2775 uobis
217 2709 377 2776 incomodi
393 2707 569 2794 plurimum
584 2713 697 2792 posset
719 2705 845 2791 afferre,
871 2709 912 2774 ob
937 2695 1032 2794 duem
1048 2717 1240 2794 respectum,

100 2825 143 2884 ut
159 2820 319 2886 omnibus
343 2822 551 2904 perspicuum
576 2825 635 2898 est,
652 2817 767 2884 salutis
793 2819 893 2884 castri
927 2817 1016 2883 illius
1039 2819 1237 2903 singularem

1 3007 2 3014 ἵ
103 2949 219 2994 curem
237 2949 363 3012 semper
379 2929 546 3012 gessimus,
562 2925 680 3010 quibus
705 2925 854 2992 omnibus
870 2925 1084 2993 consideretis
1100 2926 1239 3010 Regiam
1363 3009 1365 3016 y

102 3033 347 3103 Celsitudinem
363 3037 461 3102 etiam
477 3043 577 3120 atque
593 3036 692 3100 etium
709 3055 827 3118 rogere
840 3035 1003 3118 sciremus,
1013 3042 1050 3101 ut
1066 3038 1109 3103 eb
1124 3037 1240 3121 impre-

104 3145 160 3210 sis
176 3146 248 3227 ipsu
264 3144 475 3228 supersedere
490 3143 646 3227 placeret.

1 3321 2 3338 χ
213 3249 379 3335 Quantum
411 3251 455 3317 ad
484 3251 609 3333 Regem
629 3249 876 3317 Perdinondum
906 3253 1057 3336 pertinet,
1085 3253 1238 3319 dicimus:

1 3373 2 3454 j
101 3379 166 3424 nos
199 3341 328 3442 quoque
361 3357 580 3443 superioribus
605 3358 719 3424 diebus
750 3358 950 3424 intellexisse
981 3357 1106 3444 Regem
1133 3362 1238 3444 ipsum

1 3463 12 3540 J·
100 3466 281 3532 nonnullas
306 3466 428 3533 habere
454 3467 616 3551 practices
641 3466 675 3532 in
700 3464 780 3532 locis
805 3466 1039 3532 circumvicinis
1056 3469 1238 3552 ,territorij,

99 3588 168 3658 que
184 3574 284 3640 Ducis
311 3573 438 3641 Steiaui
463 3581 497 3641 et
521 3575 563 3640 ed
589 3573 758 3640 castellum
775 3571 874 3639 (Ilissi
890 3576 1047 3658 aspira-re,
1063 3583 1239 3660 propterea

1 3723 2 3769 3
99 3683 186 3748 moti
210 3689 244 3748 et
266 3683 362 3750 solite
391 3689 506 3750 nostru
530 3703 609 3747 cura
639 3683 894 3774 conservationis
924 3681 1024 3766 illius,
1055 3705 1171 3749 causas
1204 3693 1237 3750 et

99 3797 273 3875 respectus
297 3791 481 3858 antedictos
507 3791 693 3874 scripsimus
720 3788 839 3855 Comiti
855 3792 960 3855 nostri
978 3789 1103 3874 Speleti
1120 3799 1156 3858 ut
1171 3794 1238 3859 Do·

100 3899 191 3964 mine
207 3899 369 3965 Bennisse
385 3899 426 3964 de
441 3899 675 3966 munitionibus
691 3904 723 3964 et
739 3897 825 3963 omni
841 3898 909 3963 elie
924 3899 1109 3965 necessaris
1125 3923 1160 3966 re
1178 3923 1247 3984 pro.

1 4073 2 4076 ,
100 4006 157 4072 sui
192 4005 377 4074 defensione
410 4007 610 4089 subveniret,
639 4026 816 4088 curamque
850 4006 951 4072 tutele
982 4007 1069 4072 illius
1100 4008 1238 4074 baberet

1 4143 2 4146 ¹
100 4136 171 4180 non
188 4136 279 4180 secus
295 4137 334 4182 ae
360 4116 502 4182 civitatis
517 4122 629 4180 nostre
654 4113 788 4198 Spaleti.
805 4113 902 4182 Unde
928 4138 992 4182 non
1018 4115 1180 4182 credimus
1196 4115 1237 4180 de

1 4290 2 4295 .
100 4221 197 4306 Rege
229 4223 288 4289 illo
314 4223 381 4290 siue
410 4223 482 4308 ejus
507 4223 661 4306 practicis
686 4243 756 4289 esse
777 4224 1001 4291 dubitandum.
1035 4223 1109 4288 Hoc
1134 4222 1175 4289 R.
1199 4223 1238 4286 P.

4 4359 10 4366 ·
101 4329 225 4414 prefati
257 4328 407 4396 Oratoris
440 4331 560 4396 dixisse
585 4331 740 4414 volumus,
765 4338 803 4396 ut
828 4333 936 4397 omnis
967 4331 1142 4414 intelligat,
1174 4353 1236 4413 que

1 4488 2 4491 ι
102 4440 139 4502 in
153 4439 295 4505 muteris
312 4440 461 4524 predicte
478 4439 606 4504 adhunc
620 4461 723 4524 usque
740 4440 826 4506 diem
843 4445 1061 4506 occurrerunt.

212 4543 376 4630 Deperte
402 4551 444 4612 60
492 4585 534 4596 -
581 4553 624 4613 58
669 4585 713 4595 -
760 4553 813 4614 59.
