3336 5258
768 357 1003 410 DIPLMAOEIAI
1022 355 1188 412 ΒΙῐιΕΚΕΚ.

940 747 1016 808 255.

409 907 504 971 1478.
536 907 653 971 Κὸυοεί
676 905 812 990 jetena's
837 931 857 969 α
883 901 1100 988 morrtferruti
1124 909 1306 994 0191οἩ00,
1332 911 1401 974 roto
1430 910 1543 997 helpen

751 1037 891 1101 mappae·
906 1015 1042 1101 ttpyeket
1057 1016 1189 1080 c'rr'ntoe.

514 1175 571 1242 Ad
586 1175 715 1243 Ill-rem
731 1175 854 1242 D-num
870 1173 1095 1242 Marchionem
1113 1176 1345 1244 Montisfernti.

512 1285 562 1352 Le
578 1307 662 1367 cose,
677 1285 718 1350 de
735 1306 800 1369 qua
816 1285 849 1352 al
865 1292 1024 1370 presente,
1041 1306 1120 1352 sono
1144 1287 1178 1350 in
1194 1307 1269 1352 vera
1294 1309 1376 1371 pace
1393 1309 1411 1352 e
1428 1289 1540 1372 quiete

405 1394 455 1461 ira
471 1395 505 1462 ia
520 1395 654 1462 Maesta
670 1393 840 1479 imperiale
857 1415 874 1459 e
890 1393 915 1459 il
930 1415 965 1460 re
982 1393 1022 1460 de
1037 1394 1262 1478 Hunghcriae
1279 1397 1404 1461 sincera
1419 1397 1540 1463 intelli-

404 1505 519 1588 gencia
535 1511 566 1568 et
582 1523 671 1587 pace,
687 1522 779 1568 como
795 1508 848 1567 tra
865 1507 959 1585 patre
976 1508 1009 1567 01
1024 1501 1101 1568 11110.
1117 1503 1173 1570 Ηο
1198 1503 1242 1570 (10
1267 1503 1332 1570 bon
1347 1505 1419 1571 loco
1434 1505 1538 1590 digno

403 1611 444 1677 de
459 1611 541 1694 fede,
556 1611 634 1697 qual
650 1611 683 1676 in
699 1609 852 1679 referisce
878 1611 919 1676 de
946 1611 1024 1692 visu,
1048 1633 1139 1679 como
1156 1613 1188 1678 ia
1204 1612 1334 1680 Maesta
1350 1613 1404 1680 del
1419 1614 1471 1680 Re
1494 1615 1537 1681 de

404 1721 572 1807 Ungheria
587 1722 631 1788 ha
648 1719 802 1787 mandato
827 1741 848 1785 a
873 1717 1025 1785 diffidere
1050 1741 1109 1804 per
1134 1719 1256 1804 literas,
1276 1721 1309 1786 ls
1325 1722 1457 1790 Maesta
1481 1723 1537 1789 del

402 1831 453 1898 Re
469 1831 502 1897 di
513 1831 666 1912 Francia,
676 1850 753 1896 vero
770 1828 857 1895 eche
872 1829 927 1912 gia
943 1829 1030 1895 circa
1045 1851 1110 1895 uno
1126 1851 1212 1896 mese
1228 1837 1360 1911 pussato
1376 1853 1393 1896 0
1411 1833 1536 1916 scripto

403 1940 494 2006 doliu
510 1939 659 2023 predicta
675 1939 807 2006 Maesta
823 1937 1000 2022 Imperiaie
1019 1937 1084 2003 alle
1101 1939 1179 2003 citte
1204 1938 1367 2022 imperiali
1390 1940 1425 2003 in
1441 1938 1535 2004 Alle-

401 2072 530 2136 magno,
545 2049 604 2114 che
619 2047 699 2113 tutti
715 2043 864 2111 debbano
881 2044 1021 2110 mittersi
1037 2044 1071 2108 in
1095 2066 1194 2128 orme,
1210 2046 1442 2131 apparecharsi
1464 2049 1531 2115 aila

399 2181 528 2243 guerra,
543 2157 662 2243 perche
687 2177 746 2221 sua
761 2151 892 2220 Maesta
916 2153 1132 2237 personaliter
1148 2154 1218 2220 vole
1239 2153 1361 2222 andare
1378 2177 1399 2222 a
1414 2165 1532 2241 questo

401 2268 542 2352 impresa
557 2265 591 2330 di
607 2263 793 2348 Borgogna.
814 2259 889 2328 Hoc
905 2259 994 2326 aliud
1019 2259 1147 2328 affirmo
1172 2283 1231 2346 per
1246 2285 1322 2330 cosa
1337 2265 1532 2344 certissima,

399 2375 488 2443 iacta
504 2397 521 2441 e
536 2394 618 2459 pace
633 2375 793 2457 perpetua
817 2376 850 2434 et
874 2367 944 2452 liga
959 2375 1013 2434 tra
1029 2367 1061 2435 lo
1071 2369 1166 2436 Duca
1182 2370 1222 2436 de
1237 2371 1377 2454 Lorena,
1388 2373 1533 2439 Svizzeri

399 2493 430 2552 ct
445 2486 479 2549 in
496 2504 622 2552 summa
637 2486 724 2547 tutta
738 2479 773 2546 la
797 2500 879 2563 gran
899 2477 967 2560 liga
983 2477 1023 2543 de
1038 2478 1252 2545 Allemannia
1265 2503 1324 2564 per
1339 2503 1405 2546 una
1422 2489 1531 2565 parte,

397 2603 430 2662 ot
455 2593 479 2660 il
503 2591 600 2658 Duca
626 2591 666 2657 (10
691 2588 869 2673 Borgogna
894 2607 953 2670 per
978 2585 1102 2653 l'altre.
1128 2585 1169 2654 Se
1194 2589 1324 2673 purtino
1348 2587 1390 2654 da
1414 2599 1530 2674 queste

397 2709 492 2788 parte
509 2701 618 2770 alcuni
634 2697 835 2766 conductieri
861 2717 933 2762 cum
958 2695 1029 2763 loro
1052 2695 1221 2779 conducte,
1236 2701 1270 2764 01
1285 2719 1390 2764 vanno
1406 2699 1441 2763 in
1457 2699 1530 2766 sub·

396 2813 479 2878 sidio
496 2809 549 2878 dcl
563 2809 660 2874 Duca
676 2803 925 2872 Massimiliano.
941 2804 1007 2890 Doj
1024 2805 1158 2888 purtino
1175 2804 1216 2870 de
1232 2811 1382 2889 presente
1407 2807 1528 2874 condu-
1659 2873 1661 2888 A

395 2942 476 2988 cano
496 2923 581 2986 1000
598 2915 717 2983 cavalli
742 2913 826 2994 utili,
852 2933 916 2977 uno
942 2909 1109 2994 dequesti
1129 2932 1289 2995 cognosco
1304 2913 1347 2994 io,
1364 2915 1528 2982 chiamuto
1659 2915 1660 2920 ’

394 3030 419 3095 11
436 3025 541 3095 00010
558 3025 599 3092 (10
615 3023 751 3102 Tirisco,
767 3021 863 3088 homo
879 3020 1027 3087 valoroso
1045 3043 1062 3086 e
1079 3019 1120 3088 dc
1136 3019 1526 3106 grandeaffare.110ar-
1658 3037 1659 3040 ’

394 3137 502 3203 dinalc
518 3157 536 3201 0
551 3135 598 3200 110
613 3154 673 3217 per
691 3131 723 3197 la
738 3128 870 3196 Maesta
884 3127 1058 3213 Imperiule
1069 3127 1126 3194 0111
1143 3129 1290 3214 Principi
1306 3129 1450 3198 ellcttori
1466 3153 1525 3216 per

393 3243 563 3312 concitcrli
578 3247 691 3308 contro
708 3239 741 3304 la
756 3235 888 3306 Maesta
911 3237 965 3303 del
989 3237 1040 3304 Rc
1065 3237 1106 3302 de
1132 3237 1284 3320 Francia,
1308 3261 1381 3306 cum
1405 3241 1524 3320 colore,

392 3353 450 3421 che
467 3375 532 3421 non
547 3351 658 3436 agitur
673 3348 720 3414 ibi
736 3347 840 3415 solum
865 3345 905 3411 de
932 3367 967 3412 rc
988 3347 1115 3431 privata
1132 3347 1233 3414 Ducis
1251 3349 1454 3436 Burgundio,
1467 3350 1524 3417 sed

391 3463 431 3529 de
448 3460 615 3530 commodo
631 3465 665 3525 et
681 3463 768 3524 statu
792 3455 895 3522 totius
919 3453 1072 3539 Romanij
1098 3455 1224 3542 Impcrj
1240 3464 1273 3523 et
1288 3479 1347 3542 per
1363 3466 1480 3542 questo
1504 3481 1522 3524 e

391 3571 545 3638 ordinata
569 3592 634 3636 una
650 3567 740 3634 dieta
756 3587 816 3649 per
833 3565 865 3630 lo
881 3585 967 3630 mose
984 3563 1141 3648 proximo,
1157 3563 1211 3630 chi
1226 3586 1329 3632 venue
1343 3569 1380 3633 in
1392 3565 1521 3651 Argen·

390 3682 468 3747 tino.
484 3679 611 3747 Ibidem
627 3675 817 3744 convenient
833 3673 991 3741 Oratores
1016 3675 1161 3740 omniurn
1185 3675 1370 3760 principum
1396 3699 1519 3761 germo-

389 3790 451 3871 nie‚
476 3788 600 3874 sperati
615 3785 781 3870 sequitara
806 3781 887 3849 utile
912 3781 1025 3848 effecto
1041 3781 1074 3848 al
1097 3785 1266 3866 proposito
1284 3783 1372 3851 della
1389 3783 1520 3852 Maesta

390 3897 577 3984 Imperiale,
601 3895 740 3962 maxime
770 3891 831 3958 che
860 3889 969 3956 alcuni
996 3891 1145 3977 principij
1178 3893 1278 3959 etiam
1302 3891 1455 3979 Electori,
1486 3903 1521 3960 ut

389 4005 505 4075 Comes
531 4004 704 4071 Palatinus
735 4005 768 4066 01
800 3998 1078 4084 Archiepisoopus
1109 4001 1324 4086 Moguntinus
1355 4002 1518 4068 haverono

387 4113 459 4183 loro
474 4115 675 4195 investitura,
692 4109 788 4196 quale
808 4109 862 4195 gia
886 4108 981 4176 molti
1006 4111 1085 4176 anni
1101 4109 1210 4176 hanno
1226 4111 1388 4179 solicitate
1405 4119 1439 4178 01
1453 4111 1518 4178 fina

386 4225 442 4310 qui
458 4245 522 4291 non
538 4224 721 4308 impetrate.
738 4219 809 4284 Imo
828 4217 956 4298 dicitur,
981 4217 1053 4284 chel
1078 4217 1183 4285 Contu
1211 4219 1365 4286 Palatino
1391 4219 1516 4286 audura

385 4336 418 4399 in
436 4355 578 4419 persona
594 4354 615 4398 a
630 4335 747 4414 questa
761 4328 922 4411 impresa;
948 4348 965 4391 0
982 4324 1120 4412 Signore
1137 4324 1302 4395 Giovanni
1322 4329 1469 4395 animoso
1485 4337 1518 4394 01

384 4449 473 4508 tutto
490 4443 595 4508 amico
611 4439 666 4505 del
681 4437 776 4502 Duco
803 4434 1050 4501 Massimiliano.
1076 4435 1130 4501 Do
1155 4435 1352 4521 Burgundio
1375 4437 1430 4502 hic
1448 4439 1516 4505 leta

385 4558 418 4618 01
434 4549 542 4615 1011010
559 4549 751 4614 nuntiantur
766 4544 884 4610 omnia.
901 4541 1025 4612 Vestra
1042 4541 1196 4625 Signoria
1212 4545 1269 4629 piu
1284 4545 1392 4612 vicina
1408 4545 1514 4612 debbe
