3336 5252
22 4667 179 4801 *s

764 359 997 409 unbouncamr
1012 344 1181 405 anabuns.

953 741 1025 802 199.

422 907 517 970 1475.
534 905 645 971 Gdbcr
660 905 729 991 egri
743 902 871 990 pitspiilc
879 901 1012 988 featebba'
1033 899 1190 964 leucldnek
1213 897 1386 963 melldklete
1401 922 1422 962 a
1445 897 1558 962 Velen-

522 1013 689 1080 czdseknek
706 1038 728 1078 a
744 1011 882 1078 seruabat
899 1011 1017 1074 krzdett
1033 1005 1376 1074 bc'kealkudoadaairol
1391 1007 1448 1071 atb.

526 1173 721 1259 Exemplum
738 1171 850 1238 cadule
875 1169 1044 1256 cujusdam
1063 1168 1187 1234 incluse
1203 1167 1306 1233 literis
1322 1167 1556 1252 suprascriptis

419 1281 538 1368 prelati
553 1279 690 1347 Domini
707 1279 827 1364 Legati
844 1285 906 1346 etc.

528 1389 763 1474 Exploratores
778 1388 887 1472 Regii,
912 1387 968 1473 qui
994 1409 1015 1454 a
1039 1393 1136 1471 porta
1160 1385 1368 1470 imperatoris
1388 1391 1557 1464 venerunt,

420 1497 590 1564 affirmant
613 1499 718 1582 ipsum
743 1495 887 1582 graviter
912 1495 1061 1580 podagra
1086 1495 1240 1578 torqueri,
1268 1495 1556 1578 juramentumque

420 1605 526 1672 medio
551 1611 584 1670 et
608 1605 751 1689 capitum
777 1603 978 1687 obligatione
1005 1608 1239 1684 contestantur,
1264 1601 1352 1686 apud
1383 1624 1459 1667 eum
1487 1621 1556 1667 esse

420 1713 502 1780 duos
518 1713 660 1795 insignes
677 1709 836 1778 Oratores
853 1711 955 1778 Ill-mi
971 1709 1107 1776 Domini
1116 1709 1330 1795 Venetorum,
1340 1711 1397 1794 qui
1412 1710 1557 1777 maxima

419 1845 491 1888 cum
516 1822 674 1887 instantia
697 1827 831 1904 treugas
855 1827 981 1906 petunt,
1007 1820 1068 1886 boc
1094 1821 1173 1887 licet
1188 1819 1297 1904 Regia
1320 1819 1469 1886 Maestus
1493 1840 1557 1884 non

418 1930 538 2012 credat,
563 1932 620 1997 sed
645 1930 753 2014 potius
779 1929 970 2012 figmentum
995 1929 1141 2014 ipsorum
1164 1935 1333 1996 turcorum
1358 1951 1429 1996 esse
1452 1934 1557 2014 putet,

418 2042 474 2127 qui
499 2061 575 2123 sepe
601 2039 803 2104 diversorum
828 2039 1019 2122 Principum
1045 2035 1204 2104 Oratores
1230 2037 1319 2122 apud
1352 2059 1387 2104 se
1418 2037 1557 2122 fingunt,

417 2150 519 2214 voluit
534 2155 655 2231 tamen,
670 2154 707 2213 ut
723 2147 763 2214 de
779 2147 829 2212 his
844 2145 999 2216 Vestram
1016 2145 1299 2230 Magnificentiam
1317 2147 1509 2214 advisurem.

527 2255 601 2339 Ego
618 2255 714 2337 quasi
729 2255 763 2318 in
779 2255 936 2320 torculari
952 2254 1089 2339 positus,
1114 2257 1162 2321 ita
1186 2261 1323 2339 torqueo
1347 2262 1381 2322 et
1397 2256 1555 2322 constrin-

420 2385 488 2448 gor,
503 2385 563 2429 nec
578 2364 668 2448 loqui
685 2364 793 2445 sciam,
809 2384 867 2428 nec
884 2362 911 2427 si
928 2363 1037 2447 sciam,
1053 2364 1205 2446 audiam;
1230 2365 1258 2428 si
1274 2384 1410 2430 excuso:
1427 2363 1506 2430 laba
1522 2363 1557 2427 in

420 2479 519 2556 caput
534 2493 640 2538 meum
658 2472 803 2552 caditur;
821 2473 848 2536 si
864 2479 978 2537 taceo:
994 2479 1211 2555 contorqueor
1226 2473 1324 2554 omni,
1340 2493 1405 2557 quo
1421 2493 1558 2556 possum

420 2581 559 2664 ingenio.
584 2579 704 2646 Navim
729 2579 815 2646 hauc
840 2580 1021 2664 majoribus
1048 2581 1081 2645 in
1107 2580 1176 2645 dies
1201 2579 1354 2664 procellis
1385 2581 1559 2664 agitatam,

420 2691 548 2754 nescio:
564 2711 606 2754 an
623 2709 688 2772 spe,
700 2710 742 2753 an
759 2687 912 2772 opinione
929 2695 1077 2754 sustento
1090 2712 1099 2770 ς
1113 2709 1173 2754 nec
1188 2688 1257 2754 ulla
1272 2695 1401 2754 tantum
1417 2690 1559 2755 adversa

420 2803 539 2877 metuo,
554 2803 712 2880 quantum
729 2816 778 2878 ea,
795 2818 858 2879 que
874 2795 913 2860 de
930 2796 989 2862 illa
1004 2797 1181 2862 maledicta
1202 2795 1364 2864 Bohemia
1389 2797 1560 2882 perferun-

419 2913 482 2990 tur,
513 2925 680 2988 nunquam
712 2904 859 2970 Nuntius
891 2904 968 2969 inde
993 2906 1091 2988 venit,
1118 2903 1172 2988 qui
1197 2906 1276 2971 mibi
1308 2905 1460 2971 diabolus
1493 2927 1559 2970 non
1666 2955 1667 3000 3

420 3012 579 3093 videatur,
596 3009 626 3078 Ο
643 3012 751 3078 Deus!
778 3018 937 3098 quantum
954 3013 1033 3079 mihi
1051 3014 1152 3078 animi
1171 3015 1317 3094 tristitia,
1335 3021 1475 3098 quantos
1491 3013 1560 3079 luc·
1665 3025 1667 3096 J

420 3125 483 3201 tus,
500 3121 528 3186 si
545 3125 641 3186 tanta
657 3121 770 3186 insitia
785 3120 1017 3203 laborabimus
1042 3127 1078 3186 ut
1103 3122 1184 3187 adeo
1201 3121 1286 3188 felici
1303 3127 1439 3206 accepta
1455 3123 1558 3204 negli-
1664 3139 1666 3152 ⁴

421 3249 545 3312 gamus,
575 3234 687 3293 tantus
719 3233 826 3294 terror
856 3229 970 3293 hostes
1002 3231 1129 3308 invasit,
1161 3236 1198 3296 ut
1221 3232 1255 3296 in
1281 3230 1431 3314 pluribus
1456 3231 1559 3296 etiam
1665 3261 1666 3312 ς

420 3335 642 3400 munitissimis
669 3335 750 3401 locis
776 3335 850 3420 plus
875 3336 919 3402 ad
944 3334 1065 3421 sugam,
1089 3359 1189 3422 quam
1215 3338 1258 3405 ad
1275 3337 1495 3406 defensionem
1522 3361 1560 3404 se
1665 3319 1666 3370 ἶ

418 3449 545 3527 parent.
572 3441 606 3511 Si
633 3443 787 3510 haberem
812 3463 872 3510 ora
904 3451 1044 3528 centum,
1079 3453 1274 3530 centumque
1315 3448 1411 3516 lactis
1445 3449 1561 3528 ubera,
1664 3521 1665 3530 ,

419 3572 484 3617 non
500 3553 621 3637 possim
639 3551 818 3621 studiosius
836 3574 942 3638 agere,
960 3553 1085 3620 dulcius
1107 3553 1254 3638 suadere,
1280 3562 1314 3623 at
1337 3556 1438 3622 nostis
1454 3556 1561 3621 leonis

419 3665 582 3744 naturam,
608 3683 672 3726 non
698 3662 824 3745 patitur
849 3662 1045 3745 illusionem,
1069 3664 1131 3729 hoc
1158 3665 1228 3748 ejus
1255 3663 1398 3738 uerbum
1414 3685 1474 3730 uec
1489 3663 1562 3746 glo·
1663 3643 1665 3680 ³

418 3767 517 3832 riatio
533 3788 567 3833 se
584 3767 617 3832 in
633 3788 697 3832 uno
714 3789 842 3852 semper
857 3772 1159 3837 constantissimum
1186 3770 1295 3853 luisse,
1324 3794 1357 3837 se
1382 3771 1561 3857 plusquam

420 3873 539 3940 dixerit
563 3873 679 3941 facere.
706 3873 756 3940 Aa
781 3898 854 3942 cum
879 3878 962 3943 nibil
987 3886 1095 3962 preter
1121 3879 1220 3945 verba
1245 3887 1368 3962 cernat,
1395 3881 1461 3946 imo
1485 3902 1561 3946 curn

418 3981 615 4048 adversariis
630 3983 774 4068 majores
791 3984 918 4050 favores
936 3984 1050 4051 audiat
1066 3985 1217 4071 impendi,
1232 3989 1322 4072 rugit
1338 3989 1563 4070 vehementer,

420 4089 615 4174 clamatque,
641 4091 719 4175 quid
746 4092 832 4157 eninr
858 4092 936 4156 mihi
963 4093 1158 4177 sperandum
1185 4096 1314 4179 suades,
1346 4096 1373 4160 si
1399 4096 1475 4180 illis,
1503 4097 1563 4180 qui

419 4195 647 4282 Apostolicam
680 4198 797 4266 Sedem
824 4201 1068 4285 impugnarunt,
1100 4204 1155 4288 qui
1187 4203 1406 4270 hereticorum
1434 4206 1565 4271 animos

418 4313 602 4391 erexerunt,
628 4309 684 4391 qui
710 4310 885 4393 perierant,
912 4313 968 4395 qui
996 4320 1219 4396 contemnunt,
1245 4313 1322 4379 dum
1354 4315 1501 4380 censuris
1528 4320 1566 4377 et
1663 4371 1664 4390 ,

417 4413 510 4495 penis
526 4414 613 4480 affici
630 4415 759 4498 debent,
775 4418 989 4505 indulgentiis
1016 4428 1049 4487 et
1070 4421 1196 4506 jubileo
1222 4421 1452 4504 sublevantum
1481 4421 1566 4505 quid
1662 4461 1663 4472 κ

421 4519 539 4586 dicturi
568 4529 642 4587 sunt
669 4525 779 4609 populi
807 4523 960 4610 Oatolici,
986 4529 1066 4612 quid
1094 4529 1187 4595 nobis
1214 4529 1301 4595 ultra
1321 4527 1487 4608 credituri,
1503 4530 1566 4612 qui
