3340 5260
370 341 435 406 252
736 363 968 412 announczrnr
985 353 1153 411 nannum.

368 541 413 601 re,
443 525 597 604 reputare
629 528 662 587 et
692 528 835 590 tractare
862 527 982 592 amicos
1013 528 1109 592 unius
1126 530 1230 611 partis
1247 550 1307 611 pro
1332 527 1446 592 amicis
1465 533 1500 591 et

369 627 515 694 inimicos
531 649 590 712 pro
607 631 746 697 inimicis
763 633 914 700 videlicet
930 637 1093 718 reciproce
1120 657 1158 700 ao
1183 641 1305 701 mutuo.
1331 634 1497 700 Promise-

367 741 507 820 rantque
524 741 556 801 et
572 739 768 821 promittunt
786 748 894 825 partos
910 744 979 826 ipse
996 743 1076 808 clare
1097 743 1235 809 liberum
1261 743 1449 828 expeditum
1465 749 1498 808 et

369 863 517 908 securum
535 847 720 929 transitum,
730 851 947 934 receptacula,
964 853 1112 935 hospicia
1127 859 1162 916 et
1177 852 1378 936 logiamenta
1393 853 1499 936 genti-

368 952 428 1018 bus
452 956 632 1038 armigeris,
657 959 864 1041 equestribus
875 965 908 1024 et
933 960 1149 1044 pedestribus,
1174 983 1237 1046 que
1264 983 1323 1046 per
1347 967 1496 1045 tempora

367 1067 481 1128 contra
496 1063 642 1132 Venetos
658 1067 873 1134 mitterentur.
890 1068 975 1133 Item
992 1069 1090 1135 etiarn
1110 1068 1249 1134 subditis
1274 1068 1422 1134 omnibus
1448 1067 1495 1134 al·

363 1171 466 1238 terius
492 1174 594 1256 partis
619 1179 687 1240 tam
712 1197 770 1257 per
786 1181 918 1259 terram,
941 1200 1038 1262 quam
1064 1201 1122 1262 per
1138 1200 1227 1242 mare
1243 1177 1293 1242 vel
1310 1199 1443 1262 aquarn,
1458 1183 1493 1242 et
1598 1189 1600 1194 “
1666 1167 1668 1170 ’

366 1279 454 1364 quod
479 1281 634 1348 victualia
659 1283 823 1349 dabuntur
848 1291 880 1349 et.
890 1287 1068 1352 vendentur
1093 1285 1151 1370 ejis
1176 1286 1283 1369 pretio
1298 1285 1496 1369 competenti

366 1388 542 1454 secundum
558 1411 679 1456 morem
697 1399 729 1457 ot
744 1394 1008 1459 consuetudinem
1025 1394 1217 1478 patriarum,
1251 1401 1284 1459 et
1308 1392 1396 1478 quod
1412 1390 1492 1458 ban-

364 1497 453 1563 nitus
469 1498 503 1562 in
519 1502 615 1565 terris
632 1501 767 1569 alterius
783 1503 886 1585 partis
903 1508 934 1568 et
952 1503 1101 1568 inimicus
1117 1502 1165 1568 vel
1177 1503 1280 1568 hostis
1297 1501 1392 1566 unius
1409 1501 1495 1566 simi-

365 1605 443 1671 liter
459 1607 573 1690 partie,
589 1631 652 1674 non
670 1610 788 1675 debeat
803 1610 946 1694 bospitio
964 1611 1128 1695 recepturi
1147 1612 1190 1678 ad
1216 1609 1432 1676 habitandum
1459 1610 1492 1676 in

365 1715 461 1782 terris
478 1720 511 1780 et
526 1715 687 1782 Dominiis
713 1718 849 1785 alterius
866 1719 979 1804 partis.

473 1821 620 1891 Secondo
645 1825 806 1910 Capitolo.
832 1827 918 1893 Item
953 1834 1174 1895 convenerunt
1207 1832 1240 1894 ot
1274 1825 1496 1910 promiserunt

363 1937 474 2016 partes
484 1933 630 2016 predicte
645 1935 782 2001 invicem
798 1941 831 2000 ot
846 1938 996 2016 vicissim,
1012 1943 1050 2003 ut
1066 1957 1173 2020 supra,
1184 1935 1273 2018 quod
1289 1941 1406 2000 neutra
1422 1955 1495 2020 par·

363 2042 442 2106 tium
459 2043 676 2110 contrectabit
692 2067 749 2110 nec
764 2046 963 2129 procurabit,
986 2045 1129 2130 aliquod,
1146 2045 1233 2130 quod
1248 2045 1354 2130 possit
1378 2044 1496 2108 cedere

363 2149 396 2213 in
413 2150 576 2234 damnum,
601 2155 815 2239 prejudicium
839 2161 897 2220 ant
922 2155 1049 2239 aliquid
1068 2155 1273 2221 incomodum
1284 2159 1352 2219 tarn
1363 2154 1430 2220 vite
1462 2157 1495 2216 et

322 2245 324 2250 ¹
363 2260 517 2344 corporis,
534 2271 602 2327 tarn
619 2270 724 2329 status
741 2270 773 2329 et
795 2265 929 2350 dominij
946 2265 1083 2330 alterius
1103 2263 1223 2348 partis;
1240 2285 1299 2328 nec
1308 2260 1495 2348 hujusmodi

364 2370 582 2436 tractantibus
607 2371 657 2436 vel
683 2373 934 2456 procurantibus
959 2371 1082 2438 favebit
1107 2372 1157 2437 vel
1188 2371 1380 2438 consentiet.
1405 2368 1495 2453 Quin

362 2481 427 2546 imo
445 2480 554 2546 omnia
569 2479 735 2563 damnosa,
753 2481 891 2546 adversa
907 2487 940 2546 et
954 2481 1138 2565 periculosa
1153 2482 1240 2546 inter
1266 2501 1300 2545 se
1325 2480 1494 2564 reciproco

363 2587 528 2655 bonafide
545 2595 578 2654 et
596 2590 664 2655 sine
681 2588 795 2655 fraude
812 2596 952 2673 utraque
968 2612 1045 2674 pars
1061 2593 1210 2656 avertere
1227 2610 1287 2674 pro
1313 2609 1371 2653 suo
1397 2609 1493 2673 posse

361 2702 513 2764 teneatur
528 2703 562 2764 et
577 2697 703 2780 debeat,
719 2698 818 2763 veluti
835 2695 938 2764 bonos
954 2698 1086 2782 amicos,
1102 2696 1339 2780 confederatos,
1355 2695 1491 2782 colliga

362 2812 414 2874 tos
430 2808 540 2890 Reges
556 2813 590 2871 et
605 2807 767 2890 principes
777 2805 943 2873 Oatolicos
960 2806 1060 2873 decet.

471 2915 557 2981 Item
588 2916 850 2981 consideratione
881 2916 1004 2999 habita,
1036 2916 1124 3000 quod
1156 2914 1389 2982 serenissimus
1420 2914 1491 2997 ipse

362 3023 469 3088 D-nus
494 3021 577 3102 Rex,
611 3028 644 3087 et
668 3023 928 3089 consideratione
943 3025 1021 3088 item
1047 3023 1171 3106 habita,
1196 3023 1283 3108 quod
1307 3021 1490 3107 prelibatus

361 3131 491 3196 Ill-mus
508 3131 662 3216 Princeps
678 3133 845 3213 Dominus,
857 3132 933 3198 Dux
948 3133 1129 3199 Mediolani
1146 3140 1206 3198 eet.
1222 3137 1440 3218 posteaquam
1456 3132 1490 3196 in

363 3239 448 3306 huno
465 3247 586 3306 etatum
602 3247 635 3306 et
649 3242 828 3308 dominium
844 3251 876 3308 et
892 3242 1110 3326 principatum
1126 3263 1219 3308 sumn
1230 3243 1394 3320 successit,
1410 3261 1491 3304 nnn-

362 3369 460 3433 quam
476 3349 584 3432 potuit
599 3372 672 3416 curn
689 3349 825 3419 Venetis
836 3353 979 3436 aliquam
992 3351 1178 3434 amicitiam,
1188 3351 1290 3434 ligam
1305 3348 1355 3415 vel
1371 3347 1493 3414 intelli-

363 3457 508 3539 gentiam
525 3460 726 3544 contrahere,
742 3461 890 3545 quamvis
906 3480 1130 3550 sepenumero
1147 3460 1188 3526 ab
1208 3459 1290 3543 ipsis
1314 3477 1375 3540 per
1400 3457 1489 3526 litte·

363 3588 426 3648 ras,
442 3567 574 3632 nuntios
591 3574 623 3632 et
639 3575 788 3635 oratores
806 3592 881 3635 suos
906 3569 1095 3636 societatem
1120 3575 1153 3634 et
1177 3568 1278 3652 ligam
1302 3566 1492 3650 requisierit

363 3681 481 3740 etcum
497 3675 613 3741 iisdem
632 3700 670 3743 ex
680 3677 785 3744 latere
803 3700 861 3744 suo
878 3699 1005 3763 semper
1020 3700 1149 3744 omnem
1165 3675 1342 3742 servaverit
1356 3675 1489 3742 modurn

362 3787 396 3848 et
412 3781 549 3848 formam
566 3786 752 3868 possibilem
767 3787 858 3868 bene,
875 3789 985 3870 amice,
1003 3787 1200 3871 pacificeque
1214 3783 1351 3867 vivendi,
1371 3784 1406 3848 in
1424 3805 1489 3866 quo

361 3897 470 3957 tamen
497 3892 539 3958 ab
556 3893 636 3976 ipsis
653 3895 788 3962 Venetis
806 3896 931 3961 nullum
947 3897 1062 3962 habuit
1077 3897 1256 3961 condecens
1281 3914 1491 3978 responsum3
1602 3927 1608 3934 ·

361 3998 425 4064 imo
450 4001 558 4084 potins
583 4003 770 4068 multotiens
787 4004 875 4070 mala
900 4005 1040 4088 quedam
1064 4004 1158 4086 signa
1183 4004 1274 4086 bene,
1290 4002 1490 4088 pacificeque

361 4107 489 4173 urendi
514 4115 547 4174 et
561 4109 723 4175 vicinandi
749 4133 821 4176 curn
837 4112 909 4195 ipso
925 4112 1015 4177 D·no
1032 4111 1125 4178 Duce
1141 4111 1353 4178 ostenderunt
1377 4116 1411 4175 et
1435 4108 1492 4176 ad·

360 4236 472 4280 versus
497 4218 742 4284 recomendatos
758 4240 834 4284 suos
851 4227 884 4285 et
901 4220 1081 4304 colligatos,
1098 4219 1271 4302 presertim
1281 4219 1313 4284 in
1323 4219 1493 4303 provincia

360 4322 737 4392 Romandioleadversus
745 4329 867 4393 D-num
873 4328 1019 4394 Tadeum
1030 4328 1314 4394 ImoleDominum
1326 4349 1489 4394 recomen-

360 4432 473 4499 datum
490 4455 582 4500 sunm
599 4435 658 4500 sub
675 4438 836 4503 simulatis
855 4439 1062 4520 quibusdam,
1087 4437 1237 4521 fictisque
1263 4437 1429 4502 coloribus
1455 4441 1489 4502 et

358 4541 529 4612 fraudibus
555 4543 677 4614 bollum
704 4546 899 4630 intulerunt;
930 4547 1051 4615 idcirco
1080 4546 1130 4615 his
1156 4547 1195 4612 de
1212 4546 1319 4615 causis
1335 4566 1490 4614 convene-
