3334 5276
641 351 735 414 1466.
1213 355 1255 415 11

123 529 336 614 mandatum;
353 553 411 598 nos
438 551 513 597 vero
539 531 645 596 causis
671 536 703 595 et
729 529 930 613 respectibus
945 527 1120 596 antedictis
1138 531 1258 613 practi-

123 660 197 704 cam
228 640 335 724 ipsam
366 640 581 726 spernendam
613 661 678 705 non
706 639 909 724 judicamus;
941 639 1119 724 quinimmo
1150 640 1179 704 si
1208 639 1279 704 ita·

123 747 298 833 Majestati
324 748 470 834 predicte
494 749 599 815 visum
626 747 733 829 iuerit,
757 755 796 814 ut
819 768 884 813 non
910 747 1096 814 dubitamus
1120 769 1181 831 pro
1201 769 1261 813 sua

124 857 284 942 singulari
300 859 477 942 prudentia
492 858 595 924 videri
611 859 749 926 debere:
774 879 870 924 aures
895 857 943 924 illi
969 857 1260 937 commodabimus,

123 973 160 1030 et
191 989 251 1050 pro
284 967 460 1052 Majestate
491 967 639 1052 predicta
669 973 703 1032 et
726 989 787 1052 pro
811 967 915 1050 nobis,
943 974 975 1032 et
999 987 1060 1052 pro
1089 967 1260 1050 utriusqne

124 1081 273 1140 nostrum
291 1072 473 1159 Colligatis,
499 1081 623 1158 quanto
647 1074 837 1141 melioribus
862 1079 896 1140 et
920 1074 1260 1140 honorificentioribus

123 1182 369 1248 condicionibus
384 1181 537 1266 possibile
553 1181 661 1266 luerit,
672 1183 714 1248 ad
732 1183 970 1249 conclusionem
979 1182 1088 1248 venire
1103 1203 1259 1267 procura-

124 1290 242 1356 bimus
259 1291 333 1356 Hoc
348 1289 522 1376 Majestati
538 1291 694 1376 predicte,
710 1293 800 1358 ultra
815 1313 855 1357 ea
871 1312 934 1374 que
950 1290 1098 1375 superius
1109 1289 1259 1371 diximus,

122 1397 221 1463 bonis
246 1404 280 1464 et
295 1398 514 1464 accomodatis
531 1399 636 1465 verbis
660 1399 825 1482 denotate,
850 1405 884 1463 et
907 1398 947 1464 de
962 1399 1172 1483 responsione
1192 1418 1259 1479 sua,

8 1549 9 1552 κ
123 1506 234 1590 deque
243 1506 313 1590 ejus
323 1513 432 1573 mente
443 1513 476 1572 et
485 1507 868 1590 intentione,quambcne
877 1505 1259 1590 intelligereprocuretis,

8 1615 10 1618 ’
122 1614 220 1680 nobis
236 1634 295 1697 per
309 1613 612 1680 festinantissimum
628 1612 792 1681 Nuncium
809 1615 885 1680 date
900 1613 1062 1680 noticiam.
1088 1611 1125 1680 Si
1149 1618 1259 1680 autem

8 1799 9 1804 γ
123 1723 289 1808 Majestas
304 1724 376 1807 ipsa
392 1746 430 1790 ex
449 1745 483 1789 se
493 1745 559 1789 non
574 1723 732 1789 invitatus
747 1745 767 1788 a
782 1722 874 1790 vobis
891 1721 1014 1789 diceret
1029 1721 1111 1788 velle
1127 1722 1258 1788 mittere

121 1827 288 1897 Nuntium
320 1854 413 1896 suum
441 1831 615 1897 sufficienti
640 1831 797 1898 mandato
822 1832 991 1914 munitum,
1014 1837 1053 1897 ut
1085 1831 1169 1897 sicut
1199 1852 1258 1897 vos

122 1938 195 2004 illic
225 1947 338 2006 nostro
370 1941 509 2021 nornine,
534 1941 583 2006 ita
606 1942 686 2024 ipse,
718 1938 774 2005 ubi
805 1939 906 2006 fuerit
921 1961 1012 2025 opus,
1037 1939 1166 2008 nomine
1192 1937 1257 2006 Sue

122 2047 312 2133 Majestatis
332 2049 472 2130 intersit,
488 2049 649 2133 practicet
673 2055 705 2113 et
720 2048 815 2114 simul
834 2069 908 2114 cum
933 2049 1053 2116 nostris
1077 2047 1258 2114 concludat

123 2156 288 2226 Volumus
303 2164 340 2222 ut
355 2157 461 2223 eidem
486 2156 658 2242 Maiestati
684 2156 810 2239 dicatis,
827 2157 915 2241 quod
941 2155 982 2223 de
1000 2157 1062 2223 hoc
1081 2155 1258 2241 plurimum

121 2266 272 2330 contenti
289 2264 594 2350 erimus„quodque
620 2287 693 2332 eum
718 2266 829 2332 mittat
852 2266 886 2332 in
912 2266 1000 2332 bona
1016 2265 1136 2348 gratia,
1161 2285 1258 2348 quem

8 2367 9 2372 ’
121 2372 424 2440 benivolentissime
449 2375 550 2440 videri
574 2373 739 2456 faciemus,
765 2379 798 2440 et
822 2373 999 2454 commode,
1014 2373 1257 2457 honorificeque

120 2481 304 2547 transmitti
318 2482 375 2548 ubi
389 2481 489 2548 fuerit
506 2503 596 2566 opus.
615 2481 681 2549 Sed
696 2483 723 2548 si
739 2482 780 2548 de
795 2480 858 2548 boc
875 2481 1038 2567 Mejestas
1049 2479 1117 2547 Sua
1132 2479 1256 2546 nullam

121 2587 249 2655 laceret
264 2591 470 2672 mentionem,
486 2611 541 2656 vos
558 2611 686 2676 quoque
701 2591 784 2657 nibil
809 2591 839 2657 ei
864 2589 972 2674 dicite,
997 2589 1055 2656 sed
1081 2588 1257 2672 diligenter

58 2773 63 2780 ¹
121 2697 286 2764 attendite
300 2698 543 2782 responsionem
568 2698 646 2783 ejus,
663 2705 696 2764 et
720 2703 870 2783 mentem,
894 2698 1078 2782 opinionem
1103 2704 1137 2764 et
1152 2697 1257 2762 inten-

121 2808 247 2874 tionem
264 2809 333 2893 ejus
350 2809 437 2872 circa
452 2803 732 2889 particularitates
748 2807 930 2892 intelligere
945 2811 1128 2890 procurate,
1141 2805 1181 2871 de
1190 2826 1257 2888 qua

121 2937 182 2999 per
197 2915 502 2981 festinantissimum
518 2921 551 2981 et
566 2915 858 2983 celerantissimum
887 2936 1049 2982 cursorem
1072 2937 1131 2983 nos
1157 2915 1256 2981 facite

13 3039 17 3044 ·
121 3025 289 3090 certiores.

231 3133 372 3200 Demum
388 3131 556 3199 declarate
572 3132 678 3199 eidem
693 3133 866 3218 Majestati
882 3154 941 3200 nos
956 3133 1039 3199 nihil
1062 3131 1101 3200 de
1126 3134 1256 3200 institu-

9 3275 15 3284 ·
121 3241 165 3306 tis
191 3242 406 3325 apparatibus
422 3241 541 3308 nostris
556 3245 627 3306 tum
642 3241 826 3323 maritimis,
844 3263 942 3326 quam
962 3241 1171 3309 terrestribus
1195 3265 1255 3328 pro

120 3347 209 3413 bello
233 3348 492 3415 administrando
517 3349 727 3432 obmissuros,
752 3349 810 3416 sed
834 3351 877 3420 ad
909 3371 965 3418 eos
996 3352 1198 3418 accurratius
1222 3357 1255 3417 et

121 3456 287 3523 efficacius
303 3464 485 3542 vacaturos,
510 3458 620 3543 sicque
636 3455 810 3524 hortemini
826 3459 1010 3542 predictam
1033 3459 1254 3546 Majestatem,

121 3571 160 3631 ut
176 3566 280 3632 faciat
298 3589 319 3632 a
332 3567 435 3633 latere
453 3587 520 3633 suo.

230 3673 394 3741 Mittimus
410 3675 502 3742 vobis
517 3675 725 3760 presentibus
750 3674 961 3743 introclusam
985 3677 1112 3761 copiam
1137 3681 1253 3746 veteris

9 3769 13 3778 ’
121 3783 212 3866 pacis
238 3804 311 3848 cum
335 3784 601 3867 progenitoribus
625 3783 750 3850 Turchi
773 3789 806 3850 et
836 3785 1019 3852 instaurate
1050 3809 1108 3872 per
1134 3785 1254 3856 Virum

122 3888 279 3956 Nobilem
294 3891 512 3958 Laurentium
538 3891 667 3973 Mauro,
692 3893 785 3978 cujus
802 3891 957 3977 Capitula
982 3896 1144 3978 quomodo
1170 3919 1254 3982 equa

121 4005 198 4064 sunt
214 4005 248 4063 et
264 3999 503 4084 honestissima,
520 4001 614 4067 nobis
629 4001 767 4085 placent,
784 4008 817 4067 ot
842 4023 915 4068 eum
941 4003 986 4068 eis
1003 4005 1152 4071 omnibus
1168 4007 1255 4072 sicut

121 4107 267 4188 placent,
287 4107 481 4175 concludere
507 4117 689 4193 procurate.
708 4108 871 4177 Mittimus
887 4113 987 4179 etiam
1011 4115 1139 4197 copiam
1165 4116 1253 4198 capi·

121 4213 266 4280 tulorum
281 4213 441 4282 factorum
457 4239 516 4303 per
531 4216 649 4290 Virum
665 4240 796 4303 quoque
810 4218 965 4286 Nobilem
981 4219 1252 4288 Bartholomeum

120 4321 289 4407 Marcello,
305 4346 441 4408 quorum
458 4327 524 4394 duo
540 4315 782 4411 destinavimus,
798 4336 831 4396 et
855 4327 1016 4412 quomodo
1041 4337 1118 4397 sunt
1142 4330 1253 4414 turpis

120 4437 152 4495 et
176 4430 380 4516 seandalosa,
412 4441 450 4500 ut
474 4433 636 4517 videbitis,
661 4438 819 4504 removeri
845 4443 878 4502 et
903 4437 973 4503 sine
1004 4437 1070 4504 illie
1103 4438 1251 4506 concludi

121 4537 277 4606 volumus
