3336 5252
589 349 592 355 ¹
678 323 773 408 truc.
1225 325 1289 408 'sot

155 510 330 592 Leonsrclo
355 507 459 590 Botta
486 527 598 588 nostro
627 521 878 602 Ambsssatore,
905 522 1001 606 quale
1018 546 1054 590 ce
1070 521 1101 588 le
1118 522 1292 605 mandarc;

156 656 247 700 come
264 634 386 700 edicto
404 633 583 698 avisatione
600 651 720 716 spesso.
735 629 801 695 Noi
827 651 893 696 non
908 631 1031 696 diremo
1048 630 1134 696 altro
1152 630 1205 696 del
1221 631 1295 698 sub·

156 741 252 824 sidio,
269 742 328 808 ohe
345 741 453 825 quello
471 740 602 822 signore
613 737 759 824 speradc
770 738 916 822 Italiam,
927 740 1048 824 perche
1060 737 1127 805 Sua
1144 737 1297 806 Serenita

153 851 281 916 havera
297 851 418 916 havuto
433 849 552 915 lettere
569 847 657 914 della
674 847 824 914 Sanctita
834 848 887 913 del
904 853 1016 914 nostro
1035 846 1174 931 Signore
1188 849 1296 914 inteso

156 959 183 1024 il
198 964 296 1024 tutto.

266 1069 307 1134 In
324 1065 421 1132 simili
437 1065 543 1132 forma
557 1066 700 1132 Domino
716 1065 806 1132 Luce
823 1063 863 1131 de
873 1065 987 1150 Lupis,
1002 1063 1104 1150 Regis
1122 1065 1296 1150 Hungorie

156 1173 366 1242 Oonsilisrio.

263 1339 391 1402 (Milanoi
406 1337 568 1400 rlllamlttr.)

643 1517 805 1527 ---—--

686 1753 761 1818 212.

155 1933 253 2000 1476.
270 1933 399 2024 Mutyce
423 1935 539 2022 kirtly
572 1936 730 2000 bizalmas
763 1933 796 1998 ts
820 1930 1025 2001 ouatodusra
1041 1934 1109 2001 tort
1135 1929 1231 2000 teneto
1263 1953 1284 2000 a

536 2045 700 2130 torquendi
716 2045 908 2129 berczepbez.

265 2223 373 2306 Copre
390 2223 559 2290 literarum
578 2223 681 2307 Regis
697 2221 871 2304 Hungsrie
888 2222 930 2288 ad
946 2221 1210 2289 Illustrissimum
1226 2221 1293 2286 Do-

156 2331 291 2416 minum,
315 2331 441 2398 Ducem
459 2331 659 2415 Burgundio.
678 2334 774 2396 1476.

265 2457 422 2540 Mothites,
438 2457 502 2522 Dei
521 2458 631 2539 gratis
645 2457 720 2522 Rex
735 2455 920 2539 Hungarie
936 2454 1093 2522 Bohemie
1117 2463 1177 2522 etc.
1193 2456 1294 2522 Illus-

152 2565 302 2630 trissimo
318 2565 475 2649 Principi,
491 2565 633 2630 Domino
649 2565 750 2630 Ourlo
775 2564 861 2630 Duoi
877 2565 1068 2648 Burgundie
1094 2573 1154 2630 etc.
1178 2565 1292 2631 Fratri

151 2671 279 2738 Nostro
304 2675 478 2739 carissimo.
496 2671 648 2739 Salutem
664 2680 698 2738 et
713 2694 888 2757 prosperos
903 2674 945 2739 ad
961 2679 1038 2739 vota
1054 2695 1233 2739 successus.

262 2801 491 2868 Illustrissime
507 2799 677 2884 Princeps.
694 2801 791 2865 Licet
814 2803 1039 2866 comiserimus
1057 2800 1146 2866 fideli
1163 2803 1291 2868 Nostro

155 2906 274 2974 Nobili
292 2906 437 2992 Georgio
454 2909 493 2973 de
510 2909 644 2992 Lepide,
659 2917 698 2974 ut
713 2909 818 2974 literis
835 2907 1007 2974 Secretarii
1022 2906 1142 2976 Vestro
1158 2909 1292 2975 Frater·

151 3017 272 3083 nitatis
297 3027 331 3083 et
356 3018 398 3082 ad
424 3040 535 3083 omnes
561 3018 717 3083 articulos
742 3021 776 3082 in
803 3019 849 3083 eis
875 3023 1042 3084 contentos
1068 3017 1291 3102 responderet,

152 3128 233 3210 quia
259 3133 369 3194 tamen
395 3148 486 3192 amor
511 3135 624 3193 noster
649 3133 681 3191 et
704 3133 819 3192 mutua
843 3127 1064 3208 intelligentis
1097 3146 1156 3190 nos
1195 3125 1292 3209 cogit,

150 3235 264 3301 facere
281 3256 346 3300 non
363 3238 536 3319 potuimus,
553 3236 631 3319 quin
655 3235 716 3299 heo
732 3256 838 3318 pauco
855 3236 954 3298 etiam
971 3256 1030 3298 nos
1047 3233 1153 3298 eidem
1168 3231 1290 3302 Vestre

152 3343 375 3410 Fraternitati
393 3343 656 3428 significaremus.
672 3344 792 3408 Mirari
811 3343 891 3406 satis
907 3363 972 3406 non
992 3362 1176 3426 possumus,
1203 3342 1290 3425 quod

151 3454 202 3517 ita
218 3454 344 3517 notorie
361 3453 498 3536 decepta
513 3452 640 3522 Vestra
656 3451 872 3533 Fraternitas,
896 3456 1054 3534 tantoque
1070 3473 1144 3516 oum
1170 3451 1290 3516 damno

151 3566 187 3625 et
203 3560 362 3627 dedecore
377 3563 467 3647 prius
483 3561 625 3644 seducta,
642 3582 728 3625 nuno
744 3581 874 3642 quoque
898 3560 941 3624 ad
966 3561 1064 3624 talem
1090 3559 1289 3644 labyrintum

148 3667 242 3732 trahi
259 3691 293 3734 se
309 3670 466 3752 permisit,
485 3690 524 3734 ex
541 3690 605 3752 quo
623 3669 684 3750 vix,
709 3675 768 3733 aut
792 3691 959 3751 nunqnam
986 3670 1076 3732 exire
1102 3669 1216 3750 possit,
1232 3674 1290 3732 aut

151 3778 288 3841 summis
305 3799 377 3842 cum
391 3779 531 3861 jacturis
548 3800 620 3842 cum
646 3777 841 3842 verecundia
865 3777 914 3840 illi
941 3777 985 3840 sit
1011 3774 1202 3840 exeundum.
1228 3775 1289 3839 Po·

148 3889 263 3948 tuerat
274 3883 397 3953 Vestra
407 3885 616 3949 Fraternitas
633 3891 666 3948 ct
682 3904 741 3948 suo
758 3891 791 3947 et
806 3890 920 3948 nostro
937 3889 969 3946 et
986 3882 1128 3946 aliorum
1143 3881 1288 3964 plurium

148 3992 300 4075 exemplo
317 3992 442 4077 edoctu,
466 3993 653 4075 intelligere
680 3992 812 4058 hostum
838 3993 910 4074 viri,
937 3990 993 4072 qui
1020 3989 1123 4054 adid
1149 3989 1289 4054 maxime

147 4099 319 4180 incumbit,
336 4107 373 4165 ut
399 4122 479 4183 quos
505 4106 640 4182 metuat,
665 4099 730 4164 illis
756 4095 889 4164 tandem
915 4097 968 4184 (ut
992 4095 1100 4183 ajunt)
1116 4097 1225 4162 nolam
1253 4105 1285 4162 et

147 4229 342 4292 campanam
369 4210 413 4274 ad
438 4204 558 4275 collum
583 4210 671 4292 liget,
698 4208 785 4291 quod
812 4208 881 4272 sine
906 4207 975 4290 ejus
1001 4205 1097 4290 pulsu
1123 4211 1156 4271 et
1179 4207 1289 4271 sonitu

146 4339 255 4401 neque
272 4326 370 4403 ceput
386 4341 517 4384 movere
532 4320 668 4402 possint.
687 4315 775 4402 Quid
792 4319 876 4383 enim
898 4316 1039 4401 gravius,
1057 4315 1136 4397 quid
1162 4315 1288 4396 pericu·

144 4421 252 4491 losius
269 4425 440 4511 obtingere
458 4425 578 4495 Vestro
594 4427 811 4492 Fraterniteti
828 4425 946 4509 potuit,
963 4421 1079 4506 quidve
1097 4423 1159 4489 sibi
1173 4422 1288 4506 jucun·

147 4535 223 4601 dius
240 4541 274 4600 et
292 4537 405 4616 tutius,
431 4557 529 4620 quam
553 4542 590 4600 ut
615 4533 822 4601 Fraternitas
839 4535 963 4603 Vestra
988 4553 1059 4596 cum
1085 4531 1207 4615 populo
1231 4530 1288 4596 illo

192 4671 256 4709 uon.
274 4671 356 4708 none.
375 4673 444 4708 ursn.
463 4680 506 4690 -
522 4671 591 4707 rcus
622 4672 685 4707 nnn.
701 4671 727 4706 v.
1147 4663 1179 4710 20
