3334 5276
409 299 428 360 2
765 317 997 366 oretouaomm
1013 306 1181 366 suasum.

406 477 459 557 tis,
475 497 540 560 qua
555 497 684 561 semper
703 468 831 558 luimus,
848 479 1015 564 replicare,
1031 479 1103 546 ideo
1129 479 1284 546 iaciemus
1300 479 1425 544 litteras
1450 478 1535 562 ipsas

405 583 602 651 Rectoribus
618 585 698 670 ipsis
715 587 836 654 nostris
851 585 1031 670 Dalmacie,
1047 609 1222 672 eorumque
1242 585 1485 668 suecessoribus,
1500 593 1534 650 ut

405 692 435 756 ei
451 691 580 778 litteris,
597 717 774 780 eorumque
791 693 924 780 lsmilijs
940 697 1182 782 receptuculum
1198 697 1277 762 dare
1293 695 1443 778 debeant,
1459 716 1534 760 casu

403 821 469 884 quo
485 824 506 868 a
521 800 637 886 Turco,
657 825 715 870 seu
740 804 853 888 quovis
880 805 946 870 alio
962 803 1150 890 pelleretur,
1172 805 1268 890 juxta
1292 804 1533 888 requisitionem

403 909 608 978 Excellencie
625 909 700 978 Sue.

510 1016 568 1084 Ad
584 1019 757 1086 secundam
773 1041 852 1087 vero
867 1028 996 1106 partem
1012 1022 1228 1106 protectionis
1247 1026 1361 1101 status,
1377 1043 1446 1088 esse
1462 1043 1532 1088 con-

403 1127 512 1192 tentos
543 1125 617 1192 loca
647 1126 726 1194 Exn.
757 1127 832 1210 Sue,
863 1128 907 1196 ad
937 1131 1099 1196 marinam
1130 1131 1194 1195 sita
1233 1134 1267 1194 in
1301 1129 1532 1214 protectionem

402 1233 563 1319 accipere.

510 1342 566 1410 An
598 1347 774 1412 seeundum
804 1346 845 1412 de
875 1345 1040 1416 oblatione
1076 1346 1212 1412 duorum
1245 1343 1461 1414 Castellorum
1491 1347 1532 1412 sd

402 1451 563 1519 maricam
593 1461 627 1518 et
660 1453 805 1520 Bucoam
844 1454 966 1520 Katari
997 1457 1133 1522 sitorum
1165 1477 1235 1520 esse
1266 1462 1436 1521 contentos
1468 1453 1532 1520 Sue

401 1558 604 1627 Excellemie
620 1564 818 1646 satisfacere,
841 1563 945 1648 deque
961 1565 1105 1650 presenti
1120 1563 1177 1630 illa
1194 1563 1340 1648 accipere
1356 1565 1439 1649 loco,
1454 1586 1531 1648 quo-

400 1687 473 1732 rnm
489 1689 549 1752 pro
564 1671 806 1738 contracambio
835 1673 864 1737 ei
890 1672 1055 1739 offerimus
1080 1672 1220 1738 insulam
1244 1678 1391 1738 nostram
1416 1672 1531 1738 Bracie

400 1795 472 1840 cum
505 1777 655 1844 omnibus
683 1779 823 1864 juribus,
854 1788 886 1846 et
924 1781 1113 1866 pertinentij
1149 1783 1224 1864 suis,
1255 1789 1402 1866 preterea
1432 1803 1528 1846 unam

400 1885 531 1952 domum
547 1888 579 1951 in
596 1889 727 1956 civitate
751 1897 866 1956 nostra
891 1890 1029 1976 Spoleti,
1054 1897 1112 1958 aut
1137 1891 1285 1974 qualibet
1309 1889 1375 1956 alia
1400 1889 1529 1954 civitate

399 1999 520 2075 nostra,
537 2017 600 2080 que
615 1997 678 2064 Sue
695 1999 900 2066 Excellencie
915 2003 1020 2084 magis
1037 2002 1206 2086 placuerit,
1216 2001 1249 2066 in
1263 2021 1329 2084 qua
1344 1997 1529 2078 honorilice,

400 2100 532 2183 quando
549 2101 615 2170 Sue
631 2107 710 2172 Erro
727 2106 900 2189 ridebitur,
915 2109 1067 2174 habitare
1084 2110 1195 2194 possit
1220 2108 1307 2174 Item
1325 2107 1355 2170 ei
1371 2105 1529 2188 promitti·

398 2229 470 2275 mus
494 2231 603 2277 omnes
628 2213 781 2280 introitus
806 2223 839 2281 et
864 2223 1039 2303 proventus
1064 2217 1361 2302 suprascriptorum
1393 2213 1527 2279 ducrum

385 2320 605 2386 castellorum
630 2327 663 2387 et
688 2321 880 2406 Comitatus,
905 2327 961 2410 qui
986 2327 1137 2392 detracta
1160 2326 1316 2409 impensa,
1341 2344 1404 2407 que
1420 2323 1454 2386 in
1469 2319 1527 2386 illa

388 2428 542 2511 intrabit,
559 2431 625 2496 sint
639 2431 740 2497 libere
756 2433 958 2499 Excellentie
975 2432 1048 2514 Sue,
1064 2434 1168 2501 donec
1183 2432 1308 2498 vixerit

503 2538 560 2604 Ad
574 2541 720 2620 terciam,
736 2561 800 2624 quo
825 2543 919 2626 petit,
944 2542 1031 2628 quod
1056 2549 1125 2608 tam
1150 2543 1183 2607 in
1208 2542 1269 2606 hac
1295 2545 1406 2604 nostra
1422 2537 1526 2606 Vene

396 2645 516 2712 tiarum
534 2643 684 2731 Ciuitate,
701 2671 800 2732 quam
815 2651 937 2734 ubique
953 2658 1115 2718 terrarum
1127 2651 1315 2736 etlocorum
1331 2654 1524 2724 nostrorum,

396 2753 452 2818 ubi
468 2754 619 2821 habitare
644 2757 757 2839 vellet,
777 2757 820 2823 sit
845 2779 918 2824 cum
944 2761 1012 2826 suis
1038 2760 1079 2826 ab
1105 2760 1193 2824 omni
1219 2758 1355 2840 angaria
1370 2753 1474 2820 libera
1489 2759 1525 2817 nt

395 2861 527 2944 petitur.

502 2967 559 3036 Ad
575 2980 740 3055 quartum,
756 2995 821 3058 quo
836 2975 916 3042 dicit
932 2975 1093 3042 Comitem
1112 2983 1259 3041 nostrum
1275 2971 1402 3058 Spaleti
1418 2975 1524 3054 preter

394 3077 591 3146 voluntatem
614 3101 705 3148 suum
731 3079 896 3167 Craynam
921 3092 954 3149 et
978 3085 1180 3150 Narrantam
1204 3087 1375 3168 accepisse,
1404 3101 1462 3144 nos
1484 3099 1522 3144 ex

392 3183 497 3252 forma
521 3187 705 3256 litterarum
723 3211 864 3275 suarum,
890 3215 972 3276 quas
997 3193 1040 3258 ad
1066 3197 1172 3278 ipsum
1188 3191 1350 3258 Comitem
1377 3195 1520 3254 nostrum

393 3295 532 3377 scripsit,
541 3302 650 3363 tenere
667 3299 771 3384 ipsum
783 3297 944 3368 Comitem
958 3301 998 3366 de
1010 3323 1167 3368 consensu
1183 3307 1216 3366 et
1232 3299 1399 3366 voluntate
1409 3293 1521 3364 Excel·
1643 3307 1645 3336 ¹

392 3401 495 3470 lancie
513 3403 578 3471 Sue
594 3407 652 3473 illa
667 3410 841 3493 accepisse,
852 3411 967 3495 quade
984 3433 1019 3478 re
1037 3417 1191 3478 contenta
1202 3431 1280 3476 sane
1296 3429 1365 3474 esse
1377 3406 1521 3482 deberet;
1642 3399 1645 3482 i

393 3513 471 3593 quia
486 3514 513 3576 si
528 3512 587 3579 illa
603 3537 669 3581 non
684 3519 872 3603 accepisset,
888 3519 931 3586 ad
946 3528 1113 3586 turcorum
1132 3541 1257 3600 manus,
1274 3517 1369 3582 sicuti
1396 3515 1521 3596 reliqua
1643 3527 1644 3588 ξ

391 3619 464 3686 loca
495 3643 556 3688 sua
586 3625 715 3691 omnino
746 3629 978 3711 pervenissent.
1010 3627 1229 3714 Aequiescere
1259 3624 1395 3710 proinde
1426 3619 1522 3686 debet

277 3718 282 3727 ’
390 3725 599 3796 Excellencia
614 3731 690 3814 Sua,
706 3756 852 3820 cumpro
869 3745 982 3804 mutua
997 3737 1221 3804 benevolentia
1237 3741 1359 3814 nostra,
1385 3732 1520 3796 existen·
1643 3755 1644 3762 ι

389 3835 478 3902 tibus
494 3842 723 3925 suprascriptis
739 3845 819 3910 locis
843 3847 876 3912 in
903 3847 1051 3913 manibus
1076 3847 1208 3926 nostris,
1223 3851 1334 3908 tenere
1360 3845 1467 3924 potest
1486 3838 1518 3900 in

388 3944 538 4011 manibus
554 3949 620 4014 suis
636 3952 777 4036 proprijs
791 3975 869 4035 esse,
885 3955 929 4020 ad
944 3962 1072 4040 partem
1097 3976 1172 4020 vero
1197 3951 1367 4019 rebellium
1393 3947 1521 4012 etalio

389 4071 472 4136 rum,
488 4075 569 4137 quos
594 4057 656 4142 ipsi
681 4067 828 4128 oratores
854 4064 976 4147 dicunt,
1001 4065 1177 4131 transitum
1202 4062 1245 4127 ad
1259 4062 1332 4127 loca
1347 4080 1405 4124 sua
1421 4054 1520 4140 impe·

372 4157 507 4226 ·dirisse
523 4161 564 4228 Id
580 4186 657 4232 sane
673 4169 767 4234 nobis
783 4191 847 4236 non
862 4173 978 4255 minus,
995 4195 1091 4257 quarn
1108 4172 1174 4239 Sue
1189 4169 1390 4237 Excellentie
1407 4165 1521 4231 moles·
1642 4211 1644 4238 2

372 4270 457 4332 -tum
472 4267 572 4338 fuisse
588 4293 661 4340 cum
676 4275 718 4343 ab
734 4281 821 4342 omni
837 4287 944 4346 mente
961 4287 995 4346 et
1019 4283 1198 4349 intentione
1223 4285 1337 4346 nostra
1362 4273 1519 4341 alienissi-

371 4395 473 4439 mum
490 4379 541 4443 sit
559 4379 791 4452 Mando-bimus
807 4387 908 4472 igitur
931 4388 1153 4457 efficacissime
1178 4387 1377 4455 Reotoribus
1401 4381 1521 4449 nostris

386 4485 530 4568 partium
556 4489 710 4576 ipsarum,
735 4503 772 4560 ut
789 4498 937 4564 omnibus
963 4501 1029 4565 suis
1054 4521 1113 4584 per
1136 4509 1244 4567 terras
1270 4504 1304 4564 et
1319 4504 1391 4568 loca
1407 4505 1522 4566 nostra
