3340 5260
351 309 417 374 250
719 323 953 374 nrrnonnczmr
973 313 1144 372 enatans.

351 492 479 568 gentem
496 485 656 554 Romania
673 494 814 570 stragem
842 487 1015 554 maximam
1043 487 1134 552 dedit
1153 489 1233 552 lusis
1249 495 1282 552 et
1299 487 1491 571 prostratis,

351 601 387 659 ut
411 593 533 660 dietum
559 601 617 678 est,
642 595 803 660 Romanie
829 595 990 679 gentibus,
1016 595 1316 680 citraFluplnatem
1345 597 1489 682 trajecit,

350 702 507 788 reliquias
543 705 701 770 Romania
737 705 962 788 persequendo
998 713 1031 769 et
1056 703 1258 770 trucidando.
1285 702 1341 768 Ad
1366 726 1488 788 paucos

349 811 468 877 deinde
484 811 553 876 dies
569 811 744 877 secundum
762 813 901 896 prelium
918 812 1039 878 lactum
1063 821 1123 893 ost,
1140 835 1216 878 nam
1232 819 1346 898 gentes
1364 811 1487 878 Ussun-

350 921 511 988 Chassani
536 921 579 986 ad
606 921 723 988 vallurn
750 945 937 1007 nequaque
963 945 1098 1006 magnus
1125 922 1251 988 Tuscus
1269 921 1484 988 claudebatur

350 1029 502 1110 iruentcs,
530 1027 575 1094 ibi
616 1030 851 1096 animosissime
892 1030 1098 1111 dimicarunt,
1127 1030 1291 1115 utrimque
1326 1030 1488 1096 innumeri

351 1136 496 1204 cecidere
521 1143 554 1202 et
569 1137 701 1202 tandem
719 1144 832 1220 gentes
848 1138 957 1206 Ussun
973 1137 1133 1204 Chassani
1159 1138 1274 1204 cedere
1290 1145 1402 1205 coacte
1418 1138 1486 1204 lue·

349 1250 439 1328 runt,
455 1245 600 1312 collectis
617 1257 729 1311 rursus
745 1248 894 1329 gentibus
919 1249 985 1313 suis
1010 1249 1066 1328 ita,
1094 1255 1128 1313 ut
1144 1247 1234 1314 fusus
1252 1247 1316 1312 dici
1332 1269 1396 1312 non
1414 1269 1488 1330 pos·

349 1354 402 1435 sit7
418 1352 508 1421 ultra
519 1353 720 1438 Euphratem
731 1353 1048 1422 HussunCassanus
1060 1378 1094 1423 se
1106 1357 1237 1440 recepit.
1254 1356 1381 1422 Tuscus
1398 1355 1485 1420 simi·

352 1463 429 1528 liter
445 1463 478 1528 in
505 1483 563 1529 sua
588 1463 661 1528 loca
687 1464 776 1530 ultra
802 1464 1037 1549 Holespontum
1065 1488 1214 1532 reversus
1231 1471 1289 1544 est,
1304 1463 1485 1548 ferturque,

350 1571 438 1660 quod
455 1577 512 1639 aut
527 1573 683 1638 Brussam
701 1579 760 1638 aut
775 1571 1097 1659 Constantinopolim
1108 1584 1141 1642 ln
1156 1574 1293 1640 hiberna
1309 1574 1415 1639 iturus
1432 1576 1486 1652 sit,

351 1680 475 1747 Turcbi
484 1681 528 1746 ad
544 1681 684 1746 confinia
694 1684 803 1747 omnia
817 1682 851 1746 in
862 1683 1014 1749 Rassiam
1025 1690 1058 1750 ct
1073 1683 1230 1749 Bosniam
1243 1681 1375 1747 nuntios
1393 1679 1485 1744 mise-

351 1811 395 1870 re,
410 1810 450 1855 ea
476 1789 611 1871 ratione,
638 1789 787 1855 utnulla
812 1791 946 1856 rebellio
975 1790 1048 1872 fiat;
1076 1792 1133 1858 sed
1161 1790 1274 1876 populi
1291 1795 1324 1854 et
1346 1788 1434 1854 lama
1451 1795 1484 1852 et

350 1897 503 1981 opinione
528 1897 661 1962 victorie
695 1898 875 1966 Turcorum
901 1899 1143 1966 confirmentur.
1170 1897 1344 1964 Credimus
1369 1905 1482 1962 tamen

350 2005 437 2092 quod
453 2012 486 2071 ct
501 2005 561 2071 hec
577 2012 610 2072 et
625 2006 692 2072 alia
717 2008 828 2072 omnia
855 2009 1052 2074 Celsitudini
1069 2008 1152 2077 V·re
1167 2007 1323 2094 liquidius
1340 2007 1481 2070 innotes-

350 2120 435 2196 cant,
460 2122 513 2180 eui
529 2136 602 2180 cum
627 2135 724 2180 asua
750 2116 940 2182 felicissima
976 2117 1080 2182 classe
1105 2123 1177 2181 tum
1212 2115 1347 2182 aliunde
1373 2118 1485 2178 certos

350 2221 491 2305 nuntios,
506 2224 711 2305 omniumque
727 2223 767 2290 de
783 2225 863 2308 ipsis
882 2225 1080 2292 exercitibus
1093 2232 1205 2294 secuta
1220 2232 1304 2305 sunt,
1321 2245 1385 2289 non
1395 2222 1486 2286 dees·

352 2338 386 2394 se
403 2351 468 2396 non
483 2330 680 2413 dubitantes
696 2353 754 2396 nos
779 2331 827 2396 illi
845 2334 943 2400 etiam
970 2341 1070 2419 atque
1087 2335 1188 2400 etiam
1205 2331 1479 2399 commendantes.

352 2439 400 2506 Ex
415 2436 562 2526 Ragusio
579 2437 632 2506 dic
647 2439 845 2508 XXVIIII.
863 2444 1015 2510 Octobris
1034 2445 1129 2508 1473.

492 2559 497 2564 '
799 2549 1008 2618 Devotissimi
1023 2551 1204 2618 Sarritores

595 2659 718 2728 Rector
733 2668 766 2727 ct
791 2659 929 2743 Ragusii
955 2657 1110 2726 Comunis
1127 2659 1307 2727 Consilium
1323 2659 1439 2726 humili

865 2769 1156 2835 commendatione.

458 2875 672 2942 Serenissimo
708 2877 851 2960 Principi
878 2884 910 2942 ot
954 2877 1041 2942 Due
1077 2877 1358 2943 honorandissimo
1395 2880 1483 2944 D·no

350 2984 380 3054 N
384 2985 487 3050 ieolao
503 2983 664 3049 Marcello
682 2982 746 3049 Dei
764 2984 881 3050 Gratia
909 2985 1124 3054 Venetiarum
1145 2985 1481 3068 Ducigloriosissime

457 3147 584 3210 (urrann
597 3148 757 3210 armana.)

872 3606 944 3668 175.

352 3786 446 3848 1473.
480 3783 659 3849 Ansildno'i
691 3786 816 3870 bercaep
841 3786 1166 3872 Mapparorazopoan
1187 3785 1305 3849 &locist
1331 3785 1482 3848 aluredo

384 3895 605 3972 caeercituum,
622 3917 690 3958 erre
708 3895 800 3957 ordene
828 3896 958 3980 Melpes
974 3895 1088 3978 hardly
1104 3893 1326 3976 belecyyoze'so't
1343 3893 1460 3956 kilcc'ri.

457 4089 640 4157 Mediolani
657 4090 709 4156 die
728 4095 746 4155 2
763 4089 915 4155 Jannarii
935 4093 1019 4155 1473
1037 4089 1121 4172 Regi
1139 4087 1295 4171 Ungaria.

459 4199 667 4266 serenissime
678 4197 835 4282 Princeps
852 4205 885 4263 et
901 4199 1035 4264 Ere-me
1046 4198 1132 4262 D-ne
1143 4196 1231 4262 Duc
1242 4195 1483 4262 honorandissi-

349 4307 649 4374 meProficisccnti
673 4309 757 4371 istuc
781 4307 815 4370 in
840 4305 988 4387 Regnum
1014 4305 1172 4370 Vestrum
1198 4304 1323 4370 'I'home
1350 4304 1478 4370 Tanzer

353 4414 526 4496 Alamano,
543 4415 721 4481 domestico
746 4421 856 4480 nostro
881 4411 998 4478 harum
1024 4413 1203 4494 exhibitori,
1229 4433 1301 4476 cum
1341 4413 1482 4478 comissi-

350 4545 431 4610 mus,
446 4529 483 4592 ut
499 4523 617 4589 abinde
633 4525 750 4590 evehat
765 4530 797 4588 et
813 4523 973 4594 conducat
984 4523 1025 4588 ad
1043 4543 1214 4589 nnmerum
1231 4543 1388 4608 equorum
1405 4528 1478 4590 octo

38 4673 197 4751 ΑΩ
