3340 5260
691 344 787 407 1473.
828 361 829 366 κ
1235 300 1321 402 me
1443 411 1449 422 ‚

172 519 358 587 trucidatos.
380 522 453 588 Hec
467 524 578 607 palam
603 521 760 604 Alasbeg,
771 521 828 587 sed
853 521 911 586 alli
927 521 1050 605 passim
1067 519 1112 586 ibi
1129 517 1306 600 loqueban-

172 633 227 694 tur
242 628 285 694 de
302 637 406 696 morte
432 631 720 720 Basse-Bomanie,
752 636 785 696 et
810 630 849 695 de
865 629 1034 696 duodecim
1052 627 1240 694 Sanzachis.

280 735 382 804 Venit
397 745 546 824 preterea
566 739 655 806 Solia
670 738 802 822 quidam
825 738 962 823 juvenis,
977 740 1033 822 qui
1050 736 1135 822 fugit
1159 760 1176 803 e
1201 740 1309 800 turco.

170 867 244 910 rum
269 847 427 930 manibus
453 872 474 914 a
491 849 609 932 quibus
634 869 745 913 servus
772 848 962 914 tenebatur:
988 849 1037 912 ait
1060 853 1170 913 turcos
1195 868 1305 913 omnes

170 977 329 1021 merorem
355 957 531 1022 maximum
556 959 757 1022 extrinsecus
783 955 1018 1035 demonstrare,
1045 955 1154 1038 ibique
1170 955 1306 1038 triginta

170 1069 293 1148 septem
318 1062 518 1150 Capitaneos
544 1067 756 1149 interemptos
783 1069 869 1129 inter
894 1062 1082 1129 Sanzacbos
1099 1069 1133 1129 et
1151 1063 1305 1130 Subusla·

169 1173 249 1238 cbos
266 1178 299 1238 et
314 1176 444 1240 eosdem
470 1177 598 1242 Turcoe
614 1198 704 1259 spem
730 1176 858 1260 populis
874 1163 953 1240 dare
969 1171 1030 1238 sub
1046 1179 1200 1257 pretextu
1214 1173 1299 1238 redi·

168 1285 224 1346 tus
249 1282 571 1368 Constantinopolim
596 1306 707 1350 eorum
743 1284 965 1367 Imperatoris,
988 1305 1083 1366 quem
1109 1281 1152 1348 ad
1182 1303 1304 1366 paucos

171 1387 242 1455 dies
276 1389 479 1457 redditurum
505 1391 664 1458 serebant.
689 1391 753 1458 Sed
778 1398 888 1456 tamen
913 1391 997 1456 nulli
1022 1390 1092 1456 fieri
1108 1388 1303 1456 videbantur

169 1505 314 1582 paratus,
330 1503 367 1564 ut
381 1499 450 1565 fieri
478 1501 560 1566 solet
584 1501 618 1565 in
643 1501 740 1586 liujus
761 1500 848 1566 modi
864 1500 1047 1584 principum
1064 1500 1212 1565 adventu.
1228 1498 1301 1564 Hec

169 1607 336 1692 habemus,
355 1631 418 1693 que
434 1616 470 1674 ut
486 1610 579 1676 nobis
594 1611 698 1676 allata
714 1617 798 1694 sunt,
823 1613 872 1676 ita
893 1629 951 1675 nos
969 1608 1160 1693 simpliciter
1177 1607 1303 1674 Sereni·

168 1714 361 1783 tatiVestre
381 1719 638 1802 significavimus,
660 1720 717 1784 sed
733 1741 796 1804 que
820 1724 879 1784 aut
894 1741 951 1802 per
969 1717 1192 1801 exploratores
1217 1721 1303 1780 nost·

166 1846 232 1903 ros,
256 1846 336 1908 quos
351 1827 385 1890 iu
410 1827 464 1891 die
488 1832 704 1910 expectamus
723 1833 781 1893 aut
797 1827 930 1891 aliunde
955 1825 1184 1908 intelligemus
1201 1822 1302 1889 Celei-

166 1933 282 1998 tudine
318 1933 438 2004 Vestra
469 1937 657 2021 siguificare
688 1937 936 2020 diligentissime
963 1935 1157 2015 curabimus,
1174 1935 1226 1998 cui
1242 1955 1302 1998 nos

165 2043 268 2107 etiam
285 2048 383 2126 atque
399 2045 497 2108 etiam
514 2045 783 2113 commendamus.
795 2046 848 2112 Ex
867 2043 1014 2126 Ragusio
1032 2041 1084 2107 die
1101 2042 1187 2107 XII.
1204 2041 1302 2109 Octo·

166 2151 237 2217 bris
253 2150 587 2220 MOOOOLXXIII.
1022 2145 1028 2160 ⁸

274 2257 468 2328 Serenitatis
484 2263 605 2332 Vestra
631 2261 854 2328 devotissiumi
891 2262 1061 2327 servitores

736 2369 861 2435 Rector
871 2376 904 2436 et
918 2368 1058 2450 Ragusii
1075 2368 1255 2435 Consilium

212 2474 259 2542 Al
278 2478 373 2561 Doge
393 2478 426 2543 di
437 2477 582 2546 Veneria
825 2498 897 2547 cum
913 2477 1193 2544 commendatione

212 2582 329 2651 Nicolo
349 2585 514 2652 Marcello.

277 2695 407 2756 (Msstnoi
420 2697 580 2760 ellamltttr).

706 3009 778 3069 174.

164 3185 261 3248 1473.
289 3185 428 3270 Rupcza
458 3190 577 3250 adroso
603 3210 624 3248 a
650 3185 802 3250 celenczei
827 3187 1040 3272 kdztctraaau‘p
1055 3182 1137 3271 fejet
1158 3212 1178 3250 a
1205 3189 1296 3252 tdrtlc

511 3295 737 3380 maquere'ae'rb'l
755 3294 921 3380 tudositja.

269 3468 375 3555 Oopia
390 3471 560 3537 literarum
579 3473 773 3557 scriptarum
789 3473 902 3539 Ill-mo
919 3473 1039 3538 Ducali
1055 3473 1210 3539 Dcminio
1232 3475 1281 3543 Vc

162 3585 316 3644 netarum
331 3601 389 3662 per
405 3577 645 3646 Oomuuitatem
661 3581 809 3666 Ragusij.

266 3685 475 3754 Serenissimc
492 3688 651 3775 Princeps
668 3698 701 3757 et
716 3692 852 3757 uxo-me
870 3691 1012 3756 Domine
1029 3691 1118 3756 D·ne
1145 3691 1293 3758 honoran

155 3794 297 3861 dissime.
308 3797 391 3863 Post
401 3798 602 3866 lrumilimam
619 3801 940 3866 commendationem.
957 3801 1040 3866 Post
1056 3800 1197 3882 ultimas,
1212 3813 1297 3885 quas'

57 3915 62 3924 '
155 3903 200 3970 ad
217 3903 453 3972 Oelsitudinem
479 3905 638 3976 Vestram
663 3909 703 3974 de
719 3909 780 3990 lris,
806 3909 930 3994 quoad
956 3931 1016 3976 nos
1035 3910 1076 3975 de
1090 3909 1291 3977 exercitibus

155 4011 371 4078 orientalibus
388 4013 493 4080 allata
509 4023 611 4097 erant,
631 4015 777 4080 dedimus
797 4017 918 4096 literas,
929 4015 1028 4081 rediit
1043 4039 1128 4082 unus
1145 4039 1185 4082 ex
1203 4023 1291 4084 nost-

156 4121 202 4184 ris
227 4121 487 4204 exploratoribus
512 4120 741 4207 Andrinopoli,
771 4125 827 4205 qui
852 4123 927 4189 inde
954 4126 1092 4209 septima
1128 4129 1292 4211 presentis

154 4227 313 4309 discessit,
325 4227 384 4294 hoc
405 4230 492 4295 succi
502 4252 542 4296 ex
558 4232 626 4316 ejus
636 4233 744 4298 relatu
755 4235 934 4317 exprimere
945 4233 1120 4316 potuimus.
1132 4235 1293 4302 Hussum·

156 4332 361 4401 Obassanum
379 4359 450 4402 cum
468 4359 585 4422 magno
601 4339 710 4406 Turco
727 4339 777 4406 bis
794 4340 989 4424 conflixisse,
1006 4343 1040 4407 in
1056 4344 1161 4426 primo
1171 4343 1285 4427 prelio,

155 4441 243 4524 quod
267 4443 356 4510 ultra
381 4445 554 4512 Eufratem
580 4448 680 4513 fuisse
696 4448 813 4529 lerunt,
838 4447 931 4513 Usun
957 4447 1108 4516 Ohassan
1141 4455 1289 4519 romanie

153 4549 295 4625 Bassam
312 4552 485 4636 interemit,
500 4555 610 4645 plures
627 4556 808 4626 'lurcorum
825 4555 1026 4652 Capitaueos
1049 4559 1225 4649 jugulavit,
1241 4565 1291 4630 in·
