3336 5258
694 400 790 464 1480.
1237 402 1304 464 419

166 581 242 648 loca
258 577 471 665 oppugnabat
487 599 556 661 sua,
571 584 604 644 et
619 577 716 662 petijt
731 578 890 645 auxilium
910 579 1011 666 prius,
1027 585 1061 646 et
1076 579 1213 646 subinde
1238 601 1305 645 res·

167 690 355 755 titutionem
380 689 524 754 locorum
541 685 660 753 Mocho
688 691 721 752 11
737 687 930 754 Castrinovi.
956 687 1072 754 Eidem
1097 689 1198 773 igitur
1223 709 1303 754 nun·

168 799 217 863 tio
233 795 422 881 responderi
438 795 555 862 debeat
570 795 605 860 in
620 795 705 863 huno
722 795 864 877 modum,
879 794 1045 862 videlicet:

278 905 376 991 Quod
391 905 432 971 de
448 906 572 989 optima
589 910 623 970 et
639 903 872 988 benignissima
896 911 1005 971 mente
1029 911 1063 972 et
1089 905 1303 990 dispositione

170 1013 390 1099 Imperatoria
407 1013 596 1099 Majestatis
621 1012 655 1078 in
672 1033 729 1078 nos
745 1013 829 1079 nihil
845 1013 1027 1081 audivimus
1043 1015 1126 1097 novi,
1144 1013 1305 1098 quomodo

170 1123 410 1188 vetustissimus
437 1127 487 1187 111
512 1121 600 1188 111111
625 1121 660 1186 in
684 1142 744 1188 nos
770 1144 870 1205 amor,
897 1127 930 1188 et
953 1121 1066 1188 itidem
1084 1123 1307 1189 vetustissima

171 1238 286 1298 nostra
301 1231 335 1296 in
351 1229 562 1316 Majestatem
588 1227 690 1296 Suam
714 1229 924 1296 observantia
950 1237 984 1297 11
998 1231 1200 1314 reverentia3
1225 1230 1307 1296 leta-

171 1346 373 1406 1111111111
398 1360 481 1406 1111
504 1339 566 1404 hoc
581 1346 775 1424 argumento
791 1345 824 1404 11
839 1339 1035 1423 testimonio,
1051 1339 1139 1424 quod
1156 1340 1307 1406 Paterni-

172 1453 224 1512 tas
250 1468 309 1512 sua
334 1445 428 1512 nobis
453 1447 641 1528 declaravit,
673 1453 706 1512 et
731 1447 837 1513 eidem
863 1446 1083 1533 Imperatorio
1109 1447 1308 1514 Oelsitudini

173 1557 299 1638 gratias
324 1555 452 1640 agimus
477 1555 689 1621 immortales.
715 1553 845 1623 Gravat
875 1563 984 1622 autem
1008 1578 1068 1623 nos
1093 1557 1308 1622 vehementis·

173 1667 261 1750 sime,
290 1663 378 1749 quod
394 1663 556 1750 Majestas
582 1667 655 1749 ipsa
679 1663 805 1748 aliquid
829 1663 994 1730 incomodi
1019 1665 1062 1731 ab
1087 1664 1201 1732 eodem
1216 1665 1309 1751 Rege

173 1775 340 1852 sustineat,
358 1793 432 1838 cum
448 1792 514 1855 quo
530 1793 589 1838 nos
604 1773 724 1840 bonam
744 1772 865 1838 habere
892 1773 1113 1840 existimamus
1129 1795 1251 1858 pacem,
1276 1779 1309 1839 11

173 1903 234 1966 pro
251 1882 311 1948 illa
326 1881 551 1948 conservanda
563 1886 596 1946 11
613 1887 837 1965 aptamentum
853 1881 992 1966 alicujus
1008 1883 1168 1948 interorte
1184 1882 1310 1947 dissen-

175 1991 275 2056 sionis
290 1990 324 2054 in
349 1987 468 2054 finibus
486 1986 650 2071 Orovatie,
666 1995 698 2054 11
724 1989 812 2054 circa
829 1989 971 2055 insulam
987 1989 1100 2075 Vegle‚
1120 1991 1207 2056 inter
1233 2011 1309 2056 suos

174 2105 369 2182 nostrosque
385 2096 533 2162 subditos
549 2119 649 2162 unum
665 2097 842 2165 Oratorem
858 2105 1005 2164 nostrum
1022 2099 1065 2164 ad
1090 2097 1229 2165 eundem
1243 2097 1309 2164 Ra-

174 2228 248 2292 gem
264 2207 393 2272 mittere
409 2205 670 2289 deliberavimus,
685 2227 747 2289 per
773 2206 864 2290 cujus
889 2209 1105 2274 interventum
1129 2214 1162 2273 11
1178 2228 1311 2291 operam

176 2316 203 2380 si
220 2314 299 2399 quid
316 2335 416 2398 agere
430 2336 601 2399 possumus
627 2315 733 2381 eidem
757 2313 929 2400 Majestati
953 2322 1086 2400 gratum
1112 2321 1145 2381 et
1169 2335 1310 2381 commo·

176 2421 263 2505 dum,
279 2423 313 2488 id
336 2423 444 2490 facere
469 2423 631 2508 publicari
646 2423 786 2490 libenter
811 2431 845 2489 11
861 2425 1046 2509 diligenter,
1071 2424 1180 2508 utqui
1195 2444 1310 2508 pacem

176 2538 210 2597 et
226 2531 433 2599 concordiam
461 2532 546 2597 inter
561 2531 757 2598 christianos
782 2533 945 2618 principes
963 2555 1090 2618 semper
1106 2533 1261 2616 cupimus,
1277 2537 1311 2596 11

175 2642 349 2726 presertim
364 2642 398 2706 iu
414 2641 547 2722 ditione,
563 2647 597 2706 et
610 2640 729 2706 finibus
745 2642 960 2726 Imperatorio
976 2640 1210 2709 Sublimitatis.

286 2749 336 2814 De
353 2747 474 2815 Mocbo
490 2754 522 2813 11
538 2746 743 2816 Oestrouovo
763 2750 885 2834 pluries
901 2749 1023 2815 dixisse
1048 2750 1252 2815 meminimus
1278 2755 1312 2815 11

176 2858 392 2944 Imperatorio
424 2857 596 2944 Majestati
627 2880 684 2925 sue
716 2866 750 2924 11
781 2859 847 2925 suis
883 2857 1079 2925 Oratoribus
1110 2863 1144 2924 ct
1172 2855 1312 2942 Nuncijs

177 2969 322 3034 rationes
338 2970 478 3048 nostras,
494 2990 577 3052 quas
594 2969 812 3035 necessarium
826 2989 892 3034 non
907 2967 1128 3034 existimamus
1143 2965 1314 3051 replicare,

178 3076 236 3140 sed
253 3074 417 3141 (11111111
441 3075 586 3142 filialiter
612 3098 766 3160 rogamus
791 3075 929 3143 eandem
945 3074 1162 3161 Majestatem,
1177 3078 1215 3140 ut
1239 3095 1313 3140 con·

178 3191 272 3251 tenta
298 3206 466 3251 remanere
491 3185 654 3270 dignetur,
680 3191 714 3253 11
738 3187 902 3253 existimet
920 3187 1004 3252 sicut
1027 3191 1136 3270 potest
1156 3190 1190 3250 11
1206 3182 1314 3262 debet,

178 3315 244 3358 non
262 3293 366 3359 solum
391 3292 512 3358 habere
537 3295 571 3357 in
597 3293 746 3359 manibus
773 3299 805 3360 11
821 3297 983 3378 potestate
1000 3315 1061 3358 sua
1076 3292 1232 3376 predicta,
1249 3289 1314 3355 duo

178 3401 261 3483 loca,
295 3401 352 3466 sed
391 3421 600 3484 quascunque
640 3401 799 3483 civitates,
837 3408 945 3467 terras
984 3406 1017 3465 11
1053 3399 1126 3466 1111
1157 3398 1314 3465 Dominio

143 3547 149 3554 ·
180 3516 293 3576 nostro
319 3509 494 3595 subjectas,
520 3532 602 3594 quas
627 3509 699 3576 fore
725 3511 768 3577 ad
794 3530 888 3576 omne
906 3509 995 3576 illius
1011 3509 1110 3574 decus
1127 3515 1161 3574 11
1176 3528 1315 3574 commo-

181 3617 259 3682 dum
283 3624 458 3702 promptos,
484 3619 568 3684 sicut
592 3619 745 3704 proprias
772 3640 848 3684 suas
880 3624 1079 3702 compertum
1109 3615 1231 3683 habere
1259 3639 1316 3702 pc-

180 3730 246 3791 test
262 3747 301 3792 ex
317 3725 542 3810 magnitudine
559 3729 689 3810 amoris,
705 3729 812 3794 cultus
829 3733 862 3794 11
877 3727 1081 3794 observantie
1097 3726 1130 3790 in
1145 3747 1179 3791 se
1195 3731 1316 3808 nostre,

182 3838 273 3922 cujus
290 3837 485 3920 multiplicia
500 3837 584 3902 vidit
600 3837 694 3922 signa
711 3843 745 3904 et
761 3836 891 3903 indicia.

291 3961 333 4044 ÷
382 3966 444 4029 147
493 4001 535 4012 -
583 3971 602 4031 a
650 4001 694 4012 -
741 3971 771 4030 o.

292 4143 448 4204 (Velenczei
462 4145 642 4212 dllamlrbuyv
655 4149 698 4196 81.
711 4147 742 4208 l.)
