3336 5258
709 352 803 413 1479.

714 747 788 810 271.

184 909 282 973 1479.
308 901 338 968 A
364 907 517 973 velcuczet'
548 908 770 974 dilamtcua'ca
801 934 823 974 a
857 932 996 998 mopyar
1027 911 1158 998 tiralyi
1188 913 1317 978 kboctek

182 1018 306 1083 iametlb'
329 1017 587 1103 cliterjeszte'aire
611 1021 777 1106 menteqeti
800 1025 924 1109 math,
940 1023 1021 1110 boqy
1038 1046 1077 1087 az
1102 1023 1318 1110 olaazorazo'pi

299 1127 534 1215 bdborpdeokat
550 1152 620 1194 uem
636 1135 654 1194 ὅ
668 1129 790 1209 okozto,
806 1131 839 1195 ris
856 1155 878 1195 a
894 1130 1007 1196 bikc're
1023 1132 1197 1218 bajiandd.

182 1283 572 1355 MCOOOLXXVIIII.
588 1289 641 1355 die
656 1289 780 1355 XXII.
795 1289 998 1358 Novembris.

183 1395 357 1481 Sapientes
375 1394 512 1483 Consilij
659 1395 830 1480 Quomodo
860 1397 950 1466 facta
980 1401 1191 1485 responsione
1216 1400 1316 1468 R-mo

183 1503 357 1589 Sapientes
374 1509 396 1570 t
413 1503 435 1569 i.
506 1489 510 1495 ⁵
612 1505 882 1573 D-nooardinali
896 1505 1054 1592 Agriensi
1070 1510 1315 1576 etR·moD·no

182 1615 356 1698 Prepesito
381 1614 581 1697 Posoniensi‚
614 1614 752 1684 Oretcri
768 1613 975 1682 Sereniesimi
993 1616 1074 1682 D-ni
1098 1616 1202 1701 Regis
1218 1617 1313 1684 Hun-

181 1722 273 1806 gerie
289 1727 464 1806 postquam
478 1720 582 1788 multa
596 1721 748 1789 dixerunt
763 1723 850 1788 circa
873 1723 1104 1792 continentiam
1120 1725 1313 1811 'responsio-

182 1833 244 1908 nis,
259 1851 333 1896 eum
348 1830 455 1896 multa
469 1835 581 1896 tomen
605 1829 767 1897 modestia
791 1830 999 1915 requisivere,
1015 1837 1053 1896 ut
1068 1833 1152 1899 sicut
1167 1853 1315 1917 sperave·

181 1944 268 2022 rant,
284 1937 410 2023 aliquid
426 1938 473 2004 eis
487 1939 721 2023 particularius
747 1939 854 2006 dicere
869 1939 1034 2024 vellemus,
1050 1941 1168 2025 quibus
1183 1942 1314 2008 interim

182 2048 248 2114 dici
264 2047 383 2113 debeat
398 2046 432 2112 iu
447 2047 532 2113 hunc
555 2046 706 2115 modum:
731 2045 828 2132 Quod
854 2070 1046 2134 quecunque
1062 2049 1180 2118 nudius
1194 2050 1314 2117 tercius

181 2159 228 2223 eis
244 2157 396 2243 diximus,
410 2157 541 2240 prolata
555 2179 576 2224 a
591 2156 684 2224 nobis
700 2157 789 2224 fuere
805 2180 877 2225 cum
903 2159 991 2226 omni
1005 2159 1145 2226 veritate
1162 2165 1195 2225 et
1210 2163 1314 2245 preci·

180 2289 248 2352 pua
263 2267 365 2332 animi
382 2266 580 2349 sinceritate,
597 2273 636 2334 ut
657 2265 767 2332 facere
791 2268 939 2334 consueti
964 2289 1074 2334 sumus
1100 2289 1173 2334 cum
1195 2269 1314 2353 princi·

180 2373 276 2460 pibus
293 2381 326 2440 et
341 2373 491 2457 dominis,
510 2375 685 2461 presertim
699 2380 859 2460 perpetua
875 2379 910 2441 et
925 2375 1033 2442 solida
1048 2374 1216 2467 nobiscum
1233 2379 1313 2443 ami·

179 2483 260 2548 citia
284 2482 473 2567 conjunctis,
497 2482 583 2549 sicut
606 2487 657 2548 est
681 2480 791 2567 Regia
815 2480 1019 2563 Sublimitas,
1043 2505 1117 2549 cum
1141 2507 1207 2570 qua
1222 2485 1313 2570 loqui

179 2593 335 2673 videmur,
352 2591 428 2657 dum
445 2613 517 2658 cum
532 2591 631 2658 R·mo
647 2587 737 2658 D-no
754 2589 925 2658 Cardineli
941 2596 976 2658 et
984 2591 1072 2658 n-do
1087 2592 1176 2661 D-no
1192 2593 1314 2680 Prepo·

180 2703 244 2767 sito
258 2701 442 2787 loquimur;
467 2705 500 2766 et
524 2701 553 2766 si
578 2719 683 2767 sermo
707 2706 741 2766 et
764 2701 932 2784 responsio
957 2706 1071 2768 nostra
1085 2700 1150 2768 tuit
1165 2702 1264 2785 plena
1279 2712 1313 2771 et

179 2810 320 2894 copiosa,
346 2805 551 2876 rationabilis
576 2805 722 2890 affectus,
736 2807 770 2874 in
795 2827 895 2874 causa
910 2807 973 2874 fuit
988 2810 1132 2877 studium
1156 2818 1314 2896 nostrum,

179 2940 244 2984 non
261 2919 367 2984 solum
382 2916 581 2984 declarando
605 2917 764 2999 veritatis,
780 2917 930 3002 quamvis
945 2919 1119 3003 perspicua
1133 2939 1193 3004 per
1210 2943 1243 2988 se
1262 2915 1314 3003 sit,

180 3026 361 3109 sedetiam,
376 3033 414 3093 ut
428 3026 672 3112 dispositionem
687 3031 844 3108 nostram,
858 3031 1004 3094 uestram
1020 3049 1142 3112 curam,
1159 3036 1193 3095 et
1208 3030 1314 3097 solici-

178 3135 325 3203 tudinem
350 3135 452 3221 auimj
477 3135 582 3202 nostri
608 3134 648 3202 de
672 3133 793 3202 Italica
819 3156 900 3220 pace
935 3136 1189 3206 ostenderemus.
1216 3136 1314 3223 Quod

178 3243 384 3310 manifestius
400 3241 509 3311 lacere
526 3265 591 3309 non
606 3263 702 3328 posse
718 3243 873 3314 arbitrati
893 3266 1014 3328 sumus,
1029 3267 1128 3332 quam
1146 3267 1313 3332 compara·

179 3355 267 3423 tione
286 3375 395 3419 rerum
411 3358 445 3419 et
460 3350 633 3419 effectuum
650 3358 720 3419 tum
736 3359 930 3436 nostrorum,
940 3375 1037 3438 quam
1050 3355 1151 3421 etiam
1166 3356 1314 3422 aliorum.

179 3462 282 3530 Nulla
300 3462 385 3528 enim
401 3462 445 3529 ad
462 3461 721 3548 cognoscendam
732 3483 841 3528 rerum
852 3462 1046 3548 qualitatem
1062 3467 1182 3531 certior
1197 3465 1314 3550 regula

179 3577 237 3654 est,
255 3593 353 3655 quam
369 3569 504 3637 collatio
528 3571 602 3654 ipsa
625 3571 712 3636 inter
737 3591 771 3636 se
787 3576 821 3636 et
835 3591 1071 3655 parangonum‚
1086 3577 1124 3639 ut
1140 3573 1242 3658 ajunt.
1267 3573 1315 3639 Et

178 3680 205 3745 si
222 3680 408 3747 distinctius
432 3687 467 3746 et
490 3681 725 3764 particularius
749 3679 851 3748 locuti
876 3700 942 3745 non
969 3701 1089 3763 sumus,
1115 3681 1151 3748 id
1176 3681 1313 3748 fecimus

179 3789 315 3855 honeste
332 3795 365 3855 et
379 3789 564 3854 necessaria
581 3795 717 3872 cogente
733 3790 871 3873 ratione,
882 3785 1045 3874 quomodo
1063 3781 1186 3856 bellum
1201 3789 1264 3858 hoc
1280 3797 1313 3857 et

177 3897 266 3964 illius
290 3918 387 3964 cause
412 3903 445 3964 et
470 3896 682 3965 difficultates
708 3920 772 3965 non
789 3896 834 3966 ad
855 3919 916 3964 nos
928 3897 1118 3965 immediate
1134 3899 1314 3982 pertinent,

178 4004 236 4070 sed
260 4005 303 4071 ad
329 4006 434 4072 socios
465 4011 604 4088 nostros,
629 4007 801 4075 lacessitos
824 4007 890 4072 imo
916 3999 1079 4074 laceratos
1104 4013 1138 4072 et
1163 4007 1314 4088 offensos,

180 4115 258 4196 quie
287 4134 328 4179 ex
352 4114 485 4183 civitate
517 4115 634 4200 ejicere
675 4115 780 4182 nolint
811 4113 1013 4183 fidelissimos
1045 4121 1078 4181 et
1103 4115 1312 4182 charissimos

177 4223 273 4306 cives,
289 4230 322 4290 et
347 4222 488 4291 rebelles
505 4224 614 4291 exules
639 4229 673 4292 et
696 4224 803 4310 patrie
829 4223 941 4290 hostes
966 4224 1000 4289 in
1025 4223 1112 4290 illius
1128 4223 1312 4309 tyranidem

66 4351 70 4358 ’
176 4331 331 4417 recipere.
357 4331 430 4399 Nos
455 4339 565 4400 autem
580 4355 640 4418 pro
665 4333 825 4401 servande
847 4331 919 4415 fide,
935 4353 995 4418 pro
1011 4333 1136 4398 tuenda
1152 4334 1313 4400 sociorum

175 4439 341 4524 libertate,
354 4461 417 4524 que
432 4439 493 4507 sub
508 4441 568 4509 tali
584 4441 726 4509 violento
742 4443 871 4508 nomine
882 4447 916 4508 et
930 4441 1028 4508 titulo
1045 4447 1264 4528 oppugnatur,
1279 4442 1313 4508 iu

174 4549 297 4617 bellum
311 4549 495 4637 predictum
509 4551 619 4618 tracti.
636 4551 745 4637 potius
771 4549 836 4618 dici
860 4571 1034 4640 possumus
1049 4551 1164 4622 invicti
1180 4557 1213 4622 et
1228 4551 1314 4621 reui-
