3356 5266
747 365 982 414 nrruounczmi
999 355 1167 413 unaarum

932 695 982 754 77.

389 856 484 919 1469.
502 853 531 918 Α
548 854 699 917 aeleaczei
715 855 933 918 cillcmtcnrics
948 855 1056 918 romei
1072 853 1227 916 kttvctc'uel
1246 853 1419 939 isme'tlr'iley
1438 854 1527 918 hezli

388 987 409 1027 a
426 961 553 1046 kezelpb'
577 965 668 1028 toret
693 964 881 1028 dulciacircl
907 965 994 1028 azolo'
1009 963 1139 1039 bircka,
1157 986 1177 1024 a
1190 965 1286 1048 popa
1301 960 1524 1042 felbuzde'ta'ra

899 1071 1005 1156 ve'pett.

388 1227 736 1297 MOCOCLXVIIII.
753 1230 805 1295 die
822 1229 942 1298 XXV.
961 1229 1064 1313 Junij.

496 1337 558 1403 Ser
573 1338 751 1402 Francisco
763 1335 898 1420 Sancto,
909 1333 1046 1402 Oratori
1062 1342 1174 1401 nostro
1191 1337 1233 1400 ad
1251 1334 1419 1402 Summum
1437 1335 1524 1402 Pon-

386 1445 512 1510 tificem.

386 1556 407 1617 4
424 1551 500 1638 Sap.
517 1549 653 1618 Consilii
807 1552 938 1618 Ultimis
955 1554 1074 1619 nostris
1099 1553 1205 1620 literis
1230 1553 1274 1618 ad
1299 1561 1407 1618 cetera
1422 1553 1522 1619 deno-

456 1685 470 1717 »
512 1667 535 1725 t.
552 1661 572 1725 f.
762 1663 902 1727 tavimus
929 1683 1019 1744 nova,
1046 1684 1110 1746 que
1136 1662 1178 1726 ad
1211 1683 1284 1727 eum
1317 1663 1403 1727 diem
1426 1661 1522 1727 nobis

386 1755 601 1836 occurrebant
611 1755 833 1836 'de'idventu
859 1769 1040 1835 Tureorum
1072 1770 1114 1835 ad
1140 1769 1214 1835 loca
1243 1770 1382 1836 finitima
1413 1770 1523 1853 Istrie,

385 1879 596 1961 misimusque
612 1878 704 1942 vobis
719 1878 833 1942 literas
850 1879 1032 1943 autenticas
1059 1875 1153 1942 nobis
1182 1879 1319 1960 scriptas
1345 1878 1385 1942 de
1411 1897 1522 1942 excur-

385 1985 533 2052 sionibus
558 1984 655 2050 sactis
680 2007 737 2069 per
764 2007 827 2066 ece,
853 1991 890 2052 ut
915 1989 1025 2052 omnia
1050 1993 1129 2052 nota
1160 1986 1311 2051 laceretis
1340 1983 1519 2050 Sanctitati

385 2092 510 2160 Summi
522 2091 700 2172 Pontificis,
711 2095 761 2158 eui
772 2100 884 2177 utpote
901 2095 1053 2160 dominici
1075 2098 1185 2178 gregis
1201 2096 1326 2178 pastori
1343 2093 1521 2159 universali

384 2203 544 2269 incumbit
568 2203 722 2286 precipue
755 2202 862 2268 facere
895 2204 1109 2287 provisionem
1141 2209 1366 2288 opportunam.
1400 2201 1522 2266 Postea

384 2310 553 2377 subsecuto
578 2311 642 2376 alie
667 2311 761 2376 litere
787 2317 820 2376 et
845 2333 929 2376 nova
954 2313 1138 2377 recentiora
1164 2312 1203 2376 de
1234 2312 1353 2396 predic,
1384 2312 1520 2394 rapinis,

386 2419 545 2485 incendiis
562 2425 595 2484 et
611 2419 869 2500 crudelitatibus,
885 2441 967 2504 quas
993 2421 1145 2486 continue
1172 2420 1250 2485 dicti
1268 2420 1368 2486 Turci
1395 2421 1520 2486 faciunt

384 2550 442 2613 per
457 2529 538 2610 loca,
565 2550 629 2610 qua
654 2527 837 2612 pervadunt
863 2530 932 2594 sine
957 2528 1025 2594 ullo
1052 2529 1232 2607 obstaculo,
1258 2529 1354 2596 sicuti
1382 2551 1421 2594 ex
1439 2529 1520 2610 ipsis

384 2637 497 2720 literis,
514 2659 596 2720 quas
613 2637 762 2702 similiter·
777 2637 869 2702 vobis
886 2638 1053 2718 mittimus,
1071 2635 1238 2703 Sanctitas
1264 2639 1393 2721 prefata
1417 2638 1519 2721 inspi-

383 2765 455 2810 cere
472 2753 503 2809 et
519 2744 705 2828 intelligere
721 2745 851 2827 poterit,
868 2745 964 2810 etita
980 2744 1072 2811 vobis
1089 2745 1293 2826 mandamus,
1317 2752 1355 2810 ut
1369 2745 1520 2810 Beatitu-

390 2853 458 2920 dini
475 2851 541 2918 Sue
557 2875 612 2917 eas
630 2852 802 2917 ostendere
818 2859 849 2917 et
866 2853 974 2938 legere
992 2852 1147 2936 debeatis,
1163 2861 1193 2918 et
1211 2855 1343 2936 insuper
1376 2853 1519 2938 supplice

389 2961 431 3025 tis
448 2961 486 3040 ei,
502 2966 538 3024 ut
555 2981 614 3044 pro
631 2981 691 3024 sua
708 2983 833 3025 summa
850 2962 1013 3045 sapientia
1028 2967 1059 3024 et
1075 2961 1232 3044 pastorali
1249 2985 1327 3026 cura
1350 2962 1429 3027 velit
1443 2963 1515 3044 peri

384 3069 490 3134 culum
507 3068 568 3133 hoc
584 3067 741 3132 latissime
766 3075 881 3151 patens
907 3067 1006 3134 altius
1032 3069 1240 3134 considerare
1267 3074 1300 3133 et
1324 3070 1520 3152 excogitare,

385 3181 486 3258 atque
512 3173 627 3240 afferre
653 3181 837 3258 opportuna
863 3176 1017 3256 remedia,
1042 3178 1256 3260 opinioneque
1281 3181 1423 3242 omnium
1440 3197 1519 3260 gens

385 3284 451 3348 ista
466 3281 610 3348 barbara
626 3283 715 3348 facta
732 3290 782 3348 est
799 3285 933 3349 vicinior
944 3284 1141 3367 Italie,nihil
1159 3285 1297 3368 amplius
1307 3288 1335 3350 ei
1354 3293 1465 3370 restat,
1483 3295 1519 3350 ut

386 3393 568 3476 irrumpant
584 3393 617 3456 in
633 3394 776 3474 Italiam,
795 3401 968 3477 postquam
985 3395 1027 3459 ad
1043 3395 1150 3462 Istros
1166 3417 1270 3478 usque
1286 3417 1367 3460 ausa
1383 3399 1432 3459 est
1447 3415 1519 3477 per-

388 3503 506 3581 venire,
523 3505 638 3584 patent
653 3503 780 3582 omnia;
797 3502 913 3566 timore
929 3504 1076 3568 exterriti
1092 3505 1212 3587 populi,
1227 3503 1352 3568 relictis
1368 3502 1518 3568 omnibus

388 3608 429 3673 ad
445 3609 519 3674 loca
543 3615 615 3675 tuta
642 3633 675 3674 se
701 3612 878 3694 recipiunt3
903 3613 983 3676 satis
1009 3614 1229 3695 exemplorum
1255 3613 1420 3692 babemus,
1441 3633 1519 3694 quo-

385 3717 481 3783 modo
498 3718 540 3781 sit
555 3719 727 3784 exitiosum
743 3719 909 3803 negligere
933 3720 1020 3784 hunc
1045 3721 1202 3800 morbum,
1228 3722 1284 3805 qui
1310 3727 1419 3803 posset
1437 3720 1518 3786 adeo

384 3826 590 3908 invalescere,
606 3833 643 3890 ut
658 3833 774 3910 postea
790 3849 853 3893 non
871 3834 957 3893 esset
970 3828 1066 3894 facile
1076 3829 1218 3894 remedio
1229 3830 1327 3911 locuS,
1337 3830 1363 3893 si
1375 3851 1518 3912 unquam

381 3935 444 4000 fuit
459 3942 588 4020 tempus
605 3936 769 4001 excitandi
796 3937 961 4019 principes
986 3943 1018 4001 et
1042 3937 1126 4003 vires
1152 3938 1348 4003 christianas
1374 3937 1417 4002 ad
1442 3937 1519 4002 saci·

382 4045 500 4110 endum
516 4050 630 4110 contra
646 4043 732 4108 hunc
747 4045 1016 4110 immanissimum
1042 4045 1193 4126 Turcum,
1219 4052 1269 4110 est
1294 4047 1327 4110 in
1343 4049 1520 4129 presentia-

383 4175 474 4234 rum;
499 4159 532 4218 et
557 4153 693 4236 proinde
719 4152 917 4236 supplicabis
943 4154 1123 4220 Sanctitati
1148 4155 1281 4241 prefate,
1306 4160 1345 4220 ut
1367 4155 1520 4238 dignetur

384 4268 566 4346 opportune
583 4267 615 4325 et
632 4267 691 4327 ete.
722 4312 729 4327 .
765 4311 772 4326 .
810 4311 817 4327 .
855 4311 862 4326 .
893 4261 1071 4346 providere,

491 4423 649 4489 (Velenczei
662 4423 842 4492 tusmkonyv
856 4428 897 4476 20.
911 4427 942 4488 l.)

863 4605 1025 4622 m
