3336 5258
355 299 421 362 422
706 315 940 364 ummnuozrm
956 303 1127 363 suntuna.

355 479 499 544 amaturi
516 499 625 544 sumus
641 477 781 561 Regiam
797 475 1050 558 Sublimitatem,
1066 482 1099 542 et
1115 499 1178 542 non
1196 478 1300 543 solum
1316 500 1381 544 non
1398 480 1497 562 impe·

357 581 460 652 diluri
486 591 542 652 aut
568 585 736 652 turbaturi
767 584 893 668 aliquid
924 587 1091 670 negotium
1122 607 1226 671 suum,
1258 587 1315 653 sed
1344 587 1433 653 ultro
1466 594 1497 652 et

359 700 476 779 sponte
493 692 733 760 commodaturi
748 699 782 758 et
795 692 950 776 juvatum,
967 695 1023 760 ubi
1038 695 1210 778 possimus.

468 819 525 886 Ad
540 839 611 886 rem
626 815 732 903 Vegla
757 840 823 884 uon
847 818 1044 902 dubitamus,
1070 818 1157 904 quod
1173 821 1201 886 ei
1217 820 1323 904 Regia
1340 819 1496 886 Sublimi-

313 957 316 964 ·
359 930 423 995 tati
443 929 556 994 nolum
581 927 699 994 fuisset
724 927 977 993 vetustissimum
989 929 1044 1012 jus
1069 934 1217 994 nostrum
1241 931 1276 993 in
1300 930 1360 994 illa
1382 930 1497 1012 insula,

359 1057 424 1104 non
452 1037 627 1102 miraretm·
652 1037 692 1102 dc
718 1035 826 1102 forma
849 1035 1021 1102 literarum
1046 1037 1243 1121 scriptarum
1268 1058 1328 1121 per
1347 1043 1495 1102 nostrum

360 1145 578 1227 Provisorem,
605 1167 668 1228 que
693 1143 841 1210 modesta
865 1145 1078 1212 nihilominus
1104 1143 1168 1211 fuit
1193 1151 1226 1212 et
1250 1144 1388 1227 urbana,
1414 1147 1496 1212 sicut

364 1255 463 1320 etiam
479 1254 542 1320 fuit
557 1254 718 1339 expositio
732 1252 909 1338 Secretarij
928 1253 1028 1320 nostri
1045 1255 1135 1321 missi
1151 1276 1210 1340 per
1226 1276 1285 1321 nos
1301 1253 1343 1319 ad
1361 1254 1497 1319 eundem

362 1362 505 1444 Regium
529 1359 756 1445 (lapitaneum,
781 1367 814 1426 et
839 1361 1053 1428 modestiores
1078 1361 1339 1445 urbanioresque
1365 1361 1498 1428 fuerunt

362 1471 506 1552 effectus,
541 1471 659 1555 quibus
689 1491 830 1555 persona
858 1469 1032 1555 Capitonei
1064 1471 1173 1538 Maier
1203 1470 1294 1553 Blae,
1325 1493 1399 1537 eum
1431 1472 1497 1536 suis

363 1577 511 1646 omnibus
527 1584 561 1644 et
577 1600 649 1644 cum
664 1578 900 1644 munitionibus
925 1586 958 1645 et
981 1579 1074 1645 bouis
1102 1580 1248 1644 omnium
1274 1601 1383 1645 eorum
1399 1579 1497 1645 hono-

361 1686 429 1752 rati
443 1693 478 1753 et
486 1687 705 1771 transportati
720 1687 769 1752 ita
778 1685 922 1753 volentes
938 1687 1112 1752 interram
1128 1687 1256 1753 firmam
1272 1686 1373 1770 fuere,
1381 1689 1497 1754 relicta

361 1795 471 1862 insula
494 1796 528 1860 in
543 1793 693 1860 manibus
709 1795 841 1876 uostris,
858 1793 902 1860 ad
918 1816 1001 1878 quos
1018 1796 1087 1861 sine
1103 1795 1172 1862 ulla
1197 1794 1403 1861 dubitatione
1427 1818 1497 1880 per-

362 1905 462 1985 tinet,
479 1908 514 1969 et
537 1923 603 1968 non
627 1909 678 1968 est
702 1902 896 1987 mirandum,
914 1903 1003 1988 quod
1021 1901 1140 1970 Comes
1156 1903 1182 1971 J
1184 1925 1305 1970 oannes
1331 1911 1364 1970 et
1381 1903 1497 1988 reliqui

363 2012 403 2077 de
422 2012 648 2095 Frangepauis
674 2032 709 2077 se
732 2011 876 2078 vocitent
892 2009 1039 2078 Oomitea
1056 2010 1172 2096 Segne,
1189 2011 1294 2098 Vegle
1311 2019 1345 2080 et
1361 2012 1497 2079 Modra-

363 2123 420 2201 sie,
438 2126 471 2185 et
486 2125 596 2186 tamen
611 2119 698 2185 idem
714 2117 830 2186 Comes
848 2120 996 2188 vassalus
1020 2128 1054 2187 et
1077 2121 1363 2188 recommendatus
1388 2127 1498 2186 noster

362 2230 417 2295 sit.
441 2226 551 2294 Ambo
568 2227 654 2294 enim
670 2228 729 2294 bec
746 2229 867 2313 optime
884 2231 981 2296 simul
999 2235 1098 2313 stant,
1114 2229 1203 2314 quod
1222 2252 1283 2315 pro
1299 2229 1398 2295 titulo
1415 2229 1496 2293 anti·

364 2361 428 2424 quo
441 2337 556 2405 domus
573 2344 606 2405 ct
620 2359 680 2423 pro
696 2340 838 2406 maxima
853 2345 949 2423 parte
965 2339 1150 2406 dominatus
1166 2341 1247 2406 aviti
1263 2345 1296 2405 et
1312 2339 1446 2423 paternj
1465 2337 1499 2401 in

363 2455 455 2513 terra
469 2445 566 2511 firma
582 2447 647 2511 sint
662 2447 783 2512 vassali
807 2453 840 2512 et
856 2447 980 2513 subditi
995 2447 1100 2531 Regia
1116 2445 1347 2527 Sublimitati‘a,
1371 2452 1404 2511 et
1418 2446 1501 2511 nibi-

366 2557 506 2621 lominus
525 2551 642 2620 Comes
657 2553 806 2620 Joannes
831 2575 891 2638 pro
914 2555 1023 2621 insula
1038 2555 1145 2638 chle
1170 2555 1341 2622 dumtaxat
1365 2555 1409 2620 sit
1432 2575 1501 2619 vas·

365 2664 453 2730 salus
470 2669 503 2730 et
519 2661 670 2728 subditus
696 2669 816 2728 noster.
840 2661 893 2728 De
908 2663 1095 2748 hujusmodi
1123 2663 1309 2749 vassalagio
1326 2666 1360 2728 et
1376 2660 1501 2745 subjec-

364 2774 453 2839 tione
468 2776 582 2836 extant
597 2776 809 2836 monumenta
825 2771 996 2856 complura
1011 2779 1046 2838 et
1062 2773 1301 2857 antiquissima,
1316 2792 1379 2856 que
1395 2771 1502 2854 Regis

365 2880 568 2949 Sublimitati
600 2877 814 2947 declarabunt
829 2901 888 2964 per
906 2879 1081 2948 Oratorem
1106 2887 1262 2962 nostrum,
1288 2901 1384 2964 quem
1407 2879 1501 2946 initio

365 2985 598 3056 motus‘Maier
614 2988 695 3055 Blas
712 2995 744 3054 et
758 2988 1038 3056 transfretationis
1063 2991 1244 3074 impetuose
1260 2989 1295 3055 in
1318 2989 1503 3076 predictam

365 3097 506 3164 insulam
522 3095 564 3161 ad
574 3095 716 3180 Regiam
727 3095 974 3164 Sublimitatem
990 3097 1242 3180 destinavimus;
1259 3105 1292 3164 et
1306 3097 1398 3163 nulla
1408 3095 1504 3162 nobis

366 3204 479 3274 subest
495 3205 668 3286 dubitatio,
682 3205 768 3289 quod
784 3203 893 3290 Regia
909 3205 1081 3272 Oelaitudo
1097 3206 1345 3272 contentissima
1361 3211 1394 3271 et
1409 3203 1505 3270 satis-

366 3314 548 3382 factissima
564 3311 747 3380 remanebit
764 3319 796 3379 et
811 3321 986 3397 cognoscet
1004 3336 1062 3380 nos
1080 3335 1149 3381 esse
1165 3313 1253 3378 illius
1269 3334 1362 3379 veros
1379 3319 1412 3378 et
1428 3334 1503 3379 con·

367 3429 492 3492 stantes
510 3424 640 3504 amicos,
657 3440 740 3506 quos
755 3422 892 3487 dicimus
918 3430 952 3489 et
967 3444 1048 3508 quos
1064 3425 1137 3507 ipsa
1153 3422 1275 3507 plm'ies
1291 3427 1340 3488 est
1355 3425 1503 3506 experta.

475 3549 953 3636 ÷172—1-o.

475 3751 629 3812 (Velenczei
643 3750 826 3814 allamkouyv
841 3755 883 3800 8³.
897 3753 927 3813 1.)
