3334 5276
403 347 451 406 30
766 355 999 406 orenouuctm
1017 341 1185 404 narseus.

817 517 881 584 Die
898 520 1129 603 suprascripto.

410 632 439 693 3.
456 627 628 711 Sapientes
645 623 783 710 Oonsilij
938 623 1033 708 Quod
1050 627 1171 710 optime
1188 622 1405 690 intelleximus
1417 643 1465 704 ea,
1476 643 1542 706 que

409 741 436 800 l.
530 761 545 794 ι
637 741 660 799 t.
677 733 698 798 f.
893 735 1085 801 Paternitas
1119 733 1189 798 Sua
1223 731 1329 816 pridie
1363 730 1455 796 nobis
1482 751 1543 795 no·

404 847 435 908 4.
529 866 545 900 »
639 840 797 907 Ordiuum
893 845 978 908 mine
1017 841 1120 924 Regie
1160 839 1345 926 Majeststis
1391 839 1542 923 exposuit

405 937 750 1035 eires-‹spidum'oli'sij
763 937 819 1034 {et
835 949 996 1032 quomodo
1012 951 1097 1014 inter
1115 956 1226 1015 cetera
1241 949 1370 1013 dixerat
1393 953 1541 1014 ostensu-

404 1081 477 1126 ram
492 1081 526 1125 se
543 1059 635 1126 nobis
651 1066 759 1124 certes
776 1060 888 1124 literas
912 1058 954 1124 ad
972 1058 1174 1142 propositum
1190 1058 1399 1142 pertinentes,
1424 1077 1542 1139 erpere

404 1172 512 1234 tantos
536 1166 722 1250 hujusmodi
749 1167 857 1232 videre
882 1166 1005 1248 literas,
1024 1164 1209 1230 distulimus
1240 1164 1445 1232 Paternitati
1473 1164 1541 1232 Sue

404 1275 606 1359 respondere.
623 1276 720 1343 Nunc
736 1295 811 1340 vero
828 1275 973 1356 dicimus,
991 1273 1079 1356 quod
1105 1273 1188 1338 sicut
1204 1274 1407 1358 experientia
1427 1273 1541 1340 docuit

404 1384 501 1448 rebus
517 1383 583 1450 Sus
597 1383 702 1466 Regis
713 1383 900 1466 Majestatis
916 1388 1099 1467 respectum
1110 1389 1143 1446 et
1153 1381 1445 1449 considerationem
1457 1403 1540 1447 sern-

404 1514 462 1574 per
478 1491 658 1574 habuimus,
669 1513 733 1557 non
744 1512 835 1556 secus
846 1513 884 1558 ac
899 1491 1041 1574 proprijs
1059 1490 1157 1556 rebus
1174 1493 1294 1556 nostris
1305 1516 1312 1571 ;
1322 1491 1399 1556 hinc
1414 1489 1539 1555 iactum

405 1605 463 1680 est,
480 1599 567 1682 quod
583 1599 920 1684 appropinquantibus
930 1598 1047 1664 Turris
1066 1600 1235 1664 comitatui
1246 1591 1355 1662 Oitine
1365 1607 1398 1663 et
1413 1599 1536 1682 oppido

405 1706 497 1789 Olisij
518 1705 610 1772 Bane
635 1707 773 1772 condam
798 1705 902 1772 Paulo
921 1703 1137 1789 Sperantibus
1166 1713 1278 1771 nostra
1303 1705 1446 1789 presidia
1477 1727 1539 1789 pro

405 1814 494 1879 illius
526 1813 713 1879 defensione
757 1815 942 1898 optulimus,
976 1813 1285 1896 subventionemque
1325 1815 1539 1898 prestitimus.

405 1921 489 1988 Post
504 1923 591 1986 illius
607 1943 717 1987 casum
734 1920 927 1987 Bannissam
946 1943 1078 1986 uxorem
1105 1922 1175 2004 ejus
1200 1927 1233 1986 et
1249 1921 1291 1986 ob
1308 1919 1395 1985 illius
1412 1921 1540 1988 modes-

405 2030 486 2094 tiam
502 2037 536 2094 et
551 2031 667 2095 bonam
693 2029 858 2096 nobiscum
884 2029 1095 2094 vicinantium
1120 2030 1207 2094 omni
1233 2028 1346 2094 favore
1373 2031 1538 2112 prosecuti

405 2157 523 2218 sumus,
554 2158 594 2200 ne
626 2138 735 2220 aliquo
767 2137 863 2202 medo
895 2143 952 2202 aut
984 2137 1024 2215 vi,
1054 2143 1111 2201 aut
1140 2137 1268 2220 insidijs
1300 2137 1437 2202 hostium
1465 2159 1532 2219 pre-

404 2244 491 2308 dicte
525 2242 713 2328 Majestatis
744 2251 777 2310 et
808 2246 928 2310 nostris
960 2245 1099 2328 opprimi
1134 2252 1250 2326 posset.
1287 2243 1454 2328 Nuperive
1496 2243 1539 2308 de

406 2351 497 2437 Rege
527 2353 735 2420 Ferdinando
752 2359 786 2418 et
801 2353 841 2418 de
857 2351 944 2418 illius
962 2351 1156 2436 quibusdam
1172 2353 1300 2438 nnneijs
1326 2361 1359 2419 et
1385 2353 1540 2435 practicis

406 2462 439 2526 in
465 2461 627 2544 aliquibus
653 2461 732 2526 locis
761 2461 922 2543 territorij
957 2459 1093 2525 condam
1120 2460 1222 2527 Ducis
1248 2459 1374 2526 Stefani
1404 2467 1438 2526 et
1469 2460 1538 2525 illic

406 2568 519 2636 vicinis
543 2568 698 2634 nonnulla
714 2570 902 2650 esurientes,
920 2591 982 2652 que
998 2590 1150 2652 quorsum
1175 2567 1356 2650 tenderent,
1372 2589 1437 2634 nou
1457 2571 1537 2634 satis

404 2676 573 2759 perspicue
589 2673 773 2758 intellig'ere
789 2675 987 2758 videbamur,
1010 2677 1165 2759 jussimus
1182 2675 1378 2742 Rectoribus
1404 2677 1537 2757 nostris,

379 2857 381 2862 s
405 2790 442 2848 ut
458 2783 571 2866 vigiles
588 2788 715 2848 starent
730 2789 762 2846 et
778 2785 905 2864 attenti,
922 2785 1056 2866 nequid
1074 2786 1196 2850 sinistri
1214 2791 1273 2850 aut
1298 2785 1338 2850 de
1356 2783 1536 2850 elisaeam

405 2892 470 2958 alio
487 2891 557 2956 loco
574 2909 743 2956 occurrere
759 2897 879 2973 posset,
889 2897 922 2956 et
938 2891 994 2956 ubi
1011 2915 1091 2975 opus
1101 2892 1271 2973 videretur,
1282 2893 1488 2975 providerent
1504 2899 1537 2956 et

406 2999 633 3079 subvenirent;
658 2997 832 3064 Dominam
859 3019 934 3065 vero
959 2999 1156 3068 Bannissam
1181 3008 1215 3066 et
1240 3001 1281 3066 ob
1306 3002 1373 3085 ejus
1399 3001 1535 3085 probam

405 3106 621 3176 conditionem
639 3114 670 3172 et
686 3109 805 3176 bonam
822 3131 894 3174 cum
912 3111 1031 3176 nostris
1048 3111 1259 3176 vicinanciam
1277 3108 1455 3194 diligimus,
1471 3118 1537 3177 sta·

405 3220 539 3296 tumque
555 3214 642 3282 illius
658 3218 934 3283 conservationem
951 3224 1108 3301 quantum
1123 3219 1277 3285 honestas
1293 3220 1428 3302 patitur,
1452 3219 1536 3284 desi·

405 3322 566 3388 dersmus.
581 3325 627 3388 Et
642 3345 701 3406 pro
717 3323 823 3390 officio
840 3325 936 3410 hujus
961 3331 1073 3391 nostre
1098 3325 1280 3392 effectionis
1304 3326 1443 3410 Regiam
1462 3326 1536 3392 Oel-

405 3431 578 3496 situdiuem
595 3431 737 3496 studiose
753 3453 915 3516 regemne,
924 3441 961 3499 ut
977 3435 1080 3500 nostri
1096 3436 1370 3518 contemplatione
1379 3441 1535 3502 contenta

406 3559 474 3603 esse
490 3539 577 3622 velit,
593 3544 630 3604 ut
645 3541 799 3624 oppidum
818 3543 923 3625 ipsum
947 3544 980 3606 in
996 3543 1083 3607 illius
1101 3544 1250 3609 manibus
1266 3549 1441 3627 remaneat,
1457 3565 1536 3626 quo-

406 3645 501 3711 modo
517 3645 758 3712 devotissimam
774 3647 864 3713 illam
882 3655 914 3713 et
929 3649 1226 3717 obedientissimam
1253 3649 1357 3734 Regis
1382 3650 1537 3716 Sublimi-

405 3754 466 3818 teti
483 3774 552 3817 esse
567 3731 774 3839 futuramqud
790 3777 853 3822 non
880 3755 1076 3839 dubitamus,
1101 3765 1134 3824 et
1159 3780 1230 3824 cum
1256 3761 1375 3824 nostris
1400 3761 1431 3824 in
1449 3759 1536 3826 bona

405 3867 685 3947 perseveraturam
702 3863 892 3930 vicinsncia.

513 3968 674 4054 Departe
753 3976 794 4036 56
842 4010 884 4022 -
933 3978 970 4038 61
1021 4012 1063 4022 -
1111 3981 1162 4044 59.

598 4115 641 4128 ..
776 4085 1152 4144 5-..-..

513 4169 728 4252 Nonsiniere
756 4192 792 4252 11
842 4225 885 4236 -ψ
934 4194 973 4254 rs
1020 4227 1064 4240 -
1112 4197 1162 4256 rs.

512 4347 669 4410 (Velenczei
680 4350 878 4416 allamknnyv.)

889 4533 1049 4545 ——o—-a
