3336 5258
685 377 779 438 1433.
1022 335 1025 346 ’
1228 375 1292 436 333

159 555 218 618 che
234 555 344 619 hanno
361 555 404 620 da
419 577 484 638 333
500 557 534 618 31
548 574 606 636 333
622 552 737 618 3333311
761 553 912 617 33133313
939 559 972 616 31
997 552 1162 637 peculiare
1179 554 1213 617 la
1228 552 1290 616 sin-

158 683 236 726 cera
251 663 458 728 observantia
483 662 524 726 de
550 661 619 726 loro
645 646 730 726 fedei
745 659 789 724 111
809 660 1010 725 moltomcno
1026 660 1216 740 dubitiamo,
1233 660 1293 724 che

157 767 191 834 13
214 767 392 834 rebellione
418 769 451 833 di
469 766 585 834 Genus
601 776 634 832 et
650 767 779 835 Savona
795 767 883 833 13313
899 790 959 851 333
984 768 1083 853 13333
1107 767 1293 850 sugestione

157 875 213 942 dal
229 877 325 960 Papa
340 882 374 941 et
391 877 444 942 del
459 875 511 942 Re
527 876 696 942 Ferrando
714 883 747 941 et
772 897 830 960 per
856 897 963 941 mezzo
990 876 1042 940 131
1067 875 1291 960 133331133133

156 983 318 1049 traditore
335 984 460 1067 Prospo
477 983 624 1063 Adurno,
641 981 1291 1049 3331331333311311333333133313333

156 1093 238 1157 31113
254 1091 294 1155 13
313 1089 440 1175 Genua,
456 1091 700 1176 33333331333
717 1093 803 1157 male
819 1091 977 1174 exemplo,
993 1113 1033 1155 33
1051 1091 1239 1156 turbatione
1256 1091 1289 1155 31

154 1198 442 1266 33313131333133
460 1199 554 1266 Stato
580 1223 639 1284 per
663 1200 688 1264 li
713 1201 853 1284 respecti
879 1200 959 1264 dicti
986 1205 1020 1265 et
1046 1221 1104 1284 per
1121 1221 1209 1264 esser
1225 1220 1289 1282 333

154 1329 215 1391 333
230 1308 265 1373 la
273 1308 339 1374 Dio
355 1309 464 1391 gratia
479 1308 543 1373 ben
560 1310 675 1374 muniti
692 1308 731 1373 de
748 1315 847 1391 gente
863 1307 892 1372 d'
902 1329 992 1372 anne
1007 1315 1041 1372 et
1056 1306 1097 1372 13
1114 1308 1191 1390 3331
1202 1307 1290 1372 31133

154 1436 232 1481 cosa
248 1416 434 1480 necessaria
451 1415 517 1480 alla
533 1415 638 1482 111333
664 1423 698 1482 31
718 1417 962 1482 conservatione
978 1416 1019 1480 13
1035 1437 1107 1480 3333
1124 1421 1157 1479 31
1172 1436 1232 1498 333
1255 1414 1289 1478 13

148 1523 290 1606 justitia,
306 1521 366 1587 che
382 1522 515 1588 havemo
542 1522 598 1589 dal
614 1529 710 1589 canto
726 1531 849 1605 nostro,
865 1529 898 1588 31
914 1523 1008 1590 31313
1026 1522 1086 1588 che
1102 1523 1126 1586 11
1143 1519 1289 1588 Serenis·

152 1635 236 1699 simo
252 1629 377 1698 Vostro
394 1631 444 1696 Re
467 1632 613 1716 intende,
639 1632 699 1697 che
723 1632 748 1697 li
772 1630 975 1696 fundamenti
999 1630 1040 1696 de
1064 1637 1149 1695 tutte
1176 1637 1289 1714 queste

152 1761 230 1806 cose
245 1761 324 1806 sono
340 1739 440 1806 molto
458 1738 578 1804 diversi
598 1739 641 1806 da
657 1740 765 1824 quelle
783 1762 801 1806 3
817 1743 903 1804 31313
929 1737 1198 1804 mendacamente
1225 1739 1288 1822 sig·

151 1847 288 1914 31113313
304 1847 347 1913 31
363 1845 431 1914 Sua
446 1850 588 1915 Maesta

261 1953 337 2022 Non
360 1957 571 2040 3131333333
588 1955 804 2041 3331133331111
830 1957 1061 2024 seriosamente
1086 1956 1169 2021 cossi
1194 1975 1286 2020 como

151 2086 218 2148 333
234 2085 307 2128 cum
322 2086 416 2130 omne
433 2065 567 2149 possibil
583 2065 710 2132 brevite
725 2073 757 2130 et
769 2066 866 2150 juxta
882 2067 1019 2131 veritate
1036 2087 1072 2132 33
1091 2065 1116 2129 11
1140 2087 1284 2132 naramo.

150 2172 370 2238 Rendendoce
396 2174 582 2254 certissimi,
598 2174 657 2238 che
672 2175 771 2239 131331
787 2175 810 2238 11
827 2173 949 2240 havera
966 2173 1034 2240 Sua
1050 2175 1189 2253 Maesta,
1209 2193 1284 2238 3333
1317 2179 1320 2184 “

149 2279 181 2344 1’
192 2281 281 2348 31133
297 2282 449 2365 33131333
474 2289 508 2347 31
533 2283 758 2367 dispositione,
776 2284 835 2348 che
860 2283 895 2348 13
914 2305 978 2348 333
994 2288 1141 2346 monstra
1158 2303 1284 2363 essere;

147 2393 183 2453 et
200 2410 398 2473 cognoscere
414 2391 704 2473 manifestamente,
720 2393 781 2457 che
806 2391 884 2457 altri
909 2392 956 2476 311
975 2391 1084 2457 hanno
1101 2390 1282 2475 significato

147 2495 180 2561 el
196 2498 279 2563 falso
296 2503 331 2562 et
346 2519 411 2582 333
427 2497 457 2562 31
472 2519 556 2563 3333.
573 2501 619 2564 Ε1
642 2500 700 2565 ohe
715 2501 749 2564 13
765 2500 860 2583 33133
886 2499 926 2563 13
952 2506 1066 2582 333313
1092 2498 1283 2564 ebullitione

146 2627 214 2670 non
233 2603 409 2688 31333313
427 2607 545 2671 313333
570 2616 684 2672 333133
701 2630 741 2672 33
758 2606 1172 2691 13333313111-31311133.
1189 2607 1249 2672 Μ3
1265 2628 1283 2671 3

144 2717 237 2778 tutta
262 2711 315 2778 del
331 2712 426 2796 Papa
451 2721 483 2779 et
509 2714 562 2779 del
579 2715 630 2780 Re
646 2715 815 2780 Ferrando
839 2736 931 2781 como
948 2713 1079 2796 edicto,
1096 2715 1135 2779 13
1151 2714 1175 2778 11
1192 2713 1281 2797 33311

144 2819 166 2884 l’
176 2840 244 2884 uno
258 2839 318 2902 per
332 2841 443 2886 amare
460 2827 577 2905 troppo
594 2827 816 2887 teneramente
832 2821 862 2886 el
880 2821 985 2888 Oonte
1002 2819 1206 2905 Hyeronimo
1222 2843 1281 2887 suo

144 2934 272 2994 asserto
295 2933 414 3012 nepote
439 2937 472 2993 et
496 2951 556 3013 per
580 2937 697 3017 troppo
725 2931 888 2996 desiderio
913 2932 954 2997 de
978 2930 1169 3014 3333311313
1196 2933 1280 2997 3113

143 3056 212 3100 333
238 3043 404 3103 momento
421 3037 604 3105 sublevarlo
631 3041 670 3106 de
696 3040 858 3123 prufondo
884 3041 926 3106 ad
952 3040 1121 3104 altissimo.
1148 3039 1185 3104 [ι’
1195 3039 1281 3104 31133

142 3164 205 3226 333
220 3146 372 3228 33331333
389 3152 422 3212 31
438 3147 608 3213 ambitiose
638 3149 786 3231 cupidita
813 3149 852 3213 de
878 3149 1053 3214 dissolvere
1070 3156 1104 3214 et
1120 3149 1280 3233 dissipare

141 3253 179 3318 la
194 3252 307 3319 Ill-ma
321 3255 406 3336 Ligs
422 3263 535 3322 nostra
550 3279 609 3340 per
624 3279 756 3341 possere
782 3258 837 3342 poi
856 3258 934 3323 dare
959 3259 1032 3343 lege
1048 3257 1091 3322 ad
1107 3264 1195 3324 tutta
1209 3258 1279 3323 Ι13-

140 3361 199 3440 lia,
214 3383 249 3426 33
265 3383 342 3429 sono
358 3366 496 3447 prostati
512 3366 621 3431 autori
636 3365 676 3430 de
687 3367 717 3452 le
727 3375 879 3450 presente
891 3367 1094 3432 turbulenzie
1104 3375 1137 3432 et
1152 3389 1279 3450 guerre,

141 3471 411 3538 incomenciando
436 3471 492 3538 dal
517 3473 647 3539 crudele
674 3481 706 3539 et
731 3475 926 3541 detestabile
949 3476 1150 3542 tradimento
1168 3497 1279 3560 porpe-

140 3583 233 3644 13313
250 3579 293 3644 31
310 3580 470 3645 Fiorenza
496 3601 555 3664 per
578 3581 678 3666 quelli
695 3581 748 3647 del
765 3582 943 3648 (133113313
964 3583 1003 3648 de
1021 3581 1145 3649 Sancto
1161 3585 1277 3667 Zorzo,

139 3693 261 3768 nepote
293 3687 345 3752 del
383 3687 485 3755 Conte
520 3690 732 3774 Hyeronimo,
764 3697 797 3756 et
827 3712 886 3774 per
918 3691 1017 3773 333111
1049 3691 1143 3759 13333
1171 3691 1276 3758 Conte

138 3794 276 3860 insieme
308 3817 379 3860 cum
412 3799 444 3861 13
476 3797 627 3882 13313113
658 3799 698 3864 13
725 3799 805 3864 Ρ331
837 3807 869 3863 31
898 3801 1110 3866 Α3313333333
1137 3800 1169 3865 11
1197 3800 1277 3866 Ρ133

137 3904 337 3968 amazzando
355 3906 407 3969 nel
425 3906 534 3970 divino
550 3907 672 3990 templo
690 3908 776 3971 inter
791 3907 1039 3974 sacrificandum
1052 3913 1085 3971 et
1096 3908 1173 3972 dnm
1192 3909 1274 3974 nihil

139 4011 207 4076 talc
231 4012 412 4094 timeretur,
430 4016 460 4079 31
477 4015 654 4098 Μ33311133
670 4016 807 4082 Juliano
834 4023 868 4082 et
884 4018 1081 4082 vulnerando
1108 4017 1150 4082 ad
1171 4026 1274 4082 morte

135 4120 168 4186 el
185 4121 362 4202 Magnifico
382 4123 557 4189 laurentio
583 4123 624 4189 de
650 4125 781 4206 Medici,
807 4125 922 4190 deinde
947 4127 1134 4210 prendendo
1161 4127 1190 4189 31
1218 4148 1274 4208 33-

134 4229 225 4293 13333
242 4227 282 4293 13
299 4229 408 4312 333113
428 4230 567 4297 Excelsa
583 4233 776 4316 Republica.
788 4233 833 4297 nt
849 4233 1008 4299 tentando
1026 4235 1045 4298 l’
1058 4233 1273 4300 Arcivesoovo

134 4337 170 4402 di
188 4337 355 4402 Pisaeum
371 4339 383 4402 i
400 4341 449 4403 sui
467 4343 597 4423 3333331
613 4363 762 4407 33333333
786 4364 858 4408 3333
874 4341 1029 4426 81333313
1045 4365 1104 4426 333
1129 4341 1273 4425 1331333-

131 4447 215 4510 31333
232 4445 287 4510 131
302 4447 417 4528 331333
443 4449 579 4530 3331313
604 4451 639 4516 13
664 4451 869 4517 subversione
895 4460 928 4518 et
952 4453 1077 4518 excidio
1102 4452 1142 4518 de
1159 4451 1268 4535 quella

130 4553 254 4637 inclyta
271 4557 380 4636 331313
397 4556 486 4623 etde
503 4581 561 4624 sua
577 4559 703 4627 liberta.
721 4562 763 4626 nl
780 4562 839 4627 che
860 4564 1037 4630 successive
1064 4567 1136 4632 uria
1174 4571 1260 4638 31313
