3334 5276
743 1477 770 1542 l.

214 1660 310 1724 1466.
327 1656 357 1722 A
372 1657 524 1724 velencaei
539 1657 760 1723 ullomtandca
775 1660 941 1723 utoaltdeo
959 1659 1069 1726 lstodn
1085 1671 1172 1734 avent
1187 1661 1296 1726 noca

311 1762 532 1854 fejedelentlrez
548 1765 676 1832 kuldort
691 1766 798 1832 lucere
815 1767 938 1832 Melino
957 1766 1046 1832 Peter
1062 1770 1191 1834 rdaadre.

186 1961 477 2032 uococnxvn
494 1963 547 2032 aa
562 1965 668 2050 primo
685 1962 817 2048 maren.

93 2083 101 2092 “
188 2075 217 2138 2.
234 2070 406 2156 Sapientes
423 2068 563 2156 Consilij
737 2069 833 2156 Quod
860 2071 1086 2138 committatur
1108 2071 1224 2144 Nobili
1241 2071 1323 2142 Viro

189 2185 218 2245 ι.
311 2206 327 2238 ›
421 2180 481 2246 ts.
674 2179 777 2245 Petro
792 2178 832 2244 de
842 2178 969 2245 Melino
980 2176 1121 2246 Ductori
1142 2177 1323 2264 designato,

189 2292 217 2352 2.
312 2313 327 2344 »
426 2286 587 2353 Ordinurn
623 2272 626 2357 l
676 2287 812 2354 Oratori
838 2288 881 2354 ad
898 2285 946 2354 Μ.
966 2285 1095 2354 Ducam
1123 2285 1323 2373 Stephanum

188 2395 303 2463 Sancti
321 2396 412 2478 Save,
430 2399 519 2480 quod
535 2417 569 2462 se
584 2399 726 2462 recessui
743 2397 893 2480 accinget
913 2395 1007 2480 adeo,
1023 2405 1059 2462 ιιι
1083 2396 1127 2464 ad
1147 2417 1242 2464 omne
1267 2399 1325 2464 im·

188 2511 338 2588 peratum
364 2513 476 2570 nostro
504 2503 647 2587 Domioij
674 2503 825 2569 recedere
849 2503 961 2587 possit,
977 2511 1011 2570 et
1030 2504 1182 2572 mittatur
1206 2512 1240 2571 et
1270 2526 1323 2574 ax·

188 2613 342 2696 pediatur
356 2631 428 2677 eum
446 2611 502 2676 illo
519 2612 684 2692 mandato,
701 2611 790 2694 quod
807 2611 881 2677 huic
898 2607 1047 2678 Consilio
1064 2609 1234 2681 videbitur.
1307 2630 1308 2634 ’

298 2720 350 2784 De
365 2727 460 2804 parte
477 2724 528 2786 53.

192 2835 223 2894 l.
240 2829 375 2913 Sapiens
392 2827 527 2913 Consilij
570 2827 574 2891 l
640 2826 771 2912 Quia
801 2848 865 2894 non
889 2826 970 2894 facit
994 2847 1055 2911 pro
1079 2827 1176 2896 rebus
1202 2831 1325 2896 nostris

191 2941 221 3000 2.
301 2963 316 2997 ›
395 2944 417 3000 t.
434 2936 454 3000 t.
570 2896 574 2987 l
570 2937 765 3039 aliquem
776 2935 1004 3004 Oratoremad
1020 2937 1185 3022 ipsumM.
1196 2937 1324 3004 Ducam

189 3031 393 3131 Stephanum
410 3045 550 3126 mittere,
405 2996 657 3111 *ladit
672 3065 771 3129 pars.
787 3044 873 3130 quod
899 3044 1009 3111 nullus
1025 3041 1147 3113 Orator
1165 3045 1326 3124 mittatur,

190 3153 249 3218 sed
266 3175 362 3238 super
378 3152 524 3238 capitula
540 3174 600 3238 per
616 3151 802 3218 Oratores
793 3154 897 3236 ipsius
912 3153 959 3220 Μ.
975 3153 1109 3220 Domini
1134 3151 1238 3220 Ducis
1254 3174 1326 3238 por-

189 3267 281 3326 recta
296 3263 501 3346 practicetur,
517 3261 583 3325 illis
600 3261 788 3326 melioribus
805 3262 920 3342 modis,
937 3283 993 3344 qur
984 3257 1155 3343 Collegio
1174 3259 1327 3330 videbun·

156 3407 160 3413 ·
189 3377 254 3436 tur.
270 3369 317 3434 Et
332 3370 504 3434 veniuntur
520 3375 634 3452 postea
651 3367 693 3434 ad
711 3369 772 3434 hoo
797 3367 976 3436 Oonsilium
1004 3389 1064 3453 pro
1090 3367 1326 3436 deliberatione

189 3485 225 3544 et
242 3478 449 3544 conclusione
465 3498 588 3542 eorum.

299 3587 342 3670 -Ι-
389 3589 432 3650 72
478 3623 521 3634 -
567 3593 587 3646 0
634 3621 677 3634 -
726 3592 754 3652 7.

2 3650 4 3667 ἱ
64 3681 72 3688 “
188 3696 254 3761 Die
271 3693 318 3760 X.
336 3694 454 3777 Marcij
472 3693 696 3778 suprascripti.

189 3801 364 3888 Sapientes
380 3801 517 3884 Consilij
571 3801 574 3867 i
686 3799 948 3886 QuodadOapit
933 3800 1004 3868 ula
1015 3821 1073 3884 per
1084 3799 1261 3868 Oratorem
1278 3803 1326 3870 Μ

274 3935 291 3972 ›
385 3909 444 3975 ιι
572 3910 726 3976 Ducis
742 3909 901 3993 Stephani
928 3909 1043 3977 Sancti
1063 3907 1148 3975 Save
1173 3915 1327 3993 porrecta

275 4043 290 4077 »
385 3998 575 4141 Ordinum}
623 4024 657 4084 et
682 4017 757 4086 huic
781 4015 926 4086 Consilio
953 4019 1047 4100 lecta,
1072 4015 1326 4101 respondeatur:

187 4127 236 4192 Et
251 4130 356 4210 primo
372 4128 414 4192 ad
429 4129 580 4211 primurn,
605 4146 671 4208 quo
687 4128 771 4210 petit
788 4127 940 4210 replicari
958 4127 1088 4194 litteras
1104 4125 1148 4192 ad
1165 4123 1323 4192 Rectorss

187 4234 362 4302 Dalmecie
379 4241 412 4299 et
427 4235 667 4300 successoribus
691 4255 750 4318 pro
766 4241 900 4320 receptu
918 4253 976 4302 suo
992 4237 1025 4298 et
1042 4253 1183 4314 suorum,
1199 4253 1238 4300 ac
1255 4252 1328 4318 pro·

185 4345 340 4410 tectionis
357 4349 461 4408 status
477 4345 536 4408 sui.
552 4341 623 4408 Nos
647 4365 707 4427 pro
732 4345 871 4426 antiqua
887 4342 1117 4425 benivolentia,
1134 4361 1234 4424 quam
1253 4361 1328 4409 oum

185 4453 237 4520 Μ.
252 4452 515 4536 progenitoribus
532 4453 599 4518 suis
615 4451 796 4532 habuimus,
811 4460 845 4518 et
861 4451 903 4516 ad
919 4469 1053 4534 presens
1070 4471 1130 4516 aua
1153 4465 1227 4514 uum
1243 4447 1329 4514 Exc.

186 4561 347 4628 habemus
351 4581 450 4644 ‚erga
465 4559 556 4628 illam
575 4583 646 4626 esse
662 4561 817 4628 illiusmel
833 4561 917 4626 bone
933 4557 1155 4642 dispositionis
1183 4561 1216 4622 et
1232 4555 1330 4625 meti·

231 4697 296 4734 non.
270 4696 429 4734 NOEEUHG
412 4697 478 4734 ms.
495 4703 539 4716 ··“·
555 4697 627 4733 Am
643 4698 703 4734 m.
721 4699 746 4735 ι’.
1207 4671 1220 4716 l
