3336 5258
666 366 760 428 1479.
1207 347 1271 425 401

8 581 12 610 ι
143 542 183 608 ab
198 541 265 608 illis
280 541 426 626 fuissent,
443 543 499 629 qui
515 543 679 628 majorem,
696 563 794 626 quam
811 543 877 626 ipsi
892 541 1056 607 rationem
1071 539 1214 607 habuere
1230 537 1274 604 ad

144 649 287 717 debitum
304 659 337 716 et
353 649 494 718 officium
511 648 746 732 Christianum,
771 657 805 717 et
821 650 863 716 ad
879 649 922 731 id,
939 647 1026 733 quod
1040 648 1113 716 Deo
1130 647 1275 732 omnipo-

144 759 225 826 tenti
241 758 359 844 placet,
375 760 585 845 displicetve3
618 767 650 826 et
666 761 709 826 ad
725 760 760 825 id
775 761 914 841 demum,
929 759 1007 843 qnid
1025 765 1093 826 tam
1107 756 1275 841 proprium

145 888 245 950 suum,
255 889 353 952 quam
370 869 552 935 universale
567 867 747 953 periculum
762 874 796 934 et
813 867 896 934 forte
913 867 1129 934 certissimum
1141 865 1275 932 exitium

144 996 253 1042 secum
269 975 441 1058 trahebat3
458 982 491 1042 et
508 976 670 1061 quomodo
686 977 808 1061 optime
825 976 867 1043 ab
883 974 1041 1042 ambobus
1060 973 1201 1058 intelligi
1211 993 1276 1037 non

144 1081 338 1166 dubitamus,
355 1084 520 1168 loquimur
534 1086 620 1150 enim
645 1107 717 1150 cum
742 1083 899 1169 personis,
916 1104 978 1167 que
1003 1087 1123 1148 cuncta
1145 1083 1276 1147 norunt.

143 1190 376 1259 Preteribimus
393 1191 478 1258 hanc
493 1199 621 1278 partem
643 1195 717 1279 jure
737 1193 859 1277 optimo
878 1198 911 1257 et
927 1191 1109 1258 dicentibus
1134 1194 1167 1255 et
1185 1187 1276 1254 audi-

144 1296 274 1364 entibus
290 1299 471 1382 molestam,
488 1301 522 1366 in
538 1323 637 1387 quam
662 1301 762 1368 series
787 1302 869 1384 ipsa,
885 1303 919 1365 et
934 1301 1053 1368 veritas
1078 1320 1190 1364 rerum
1215 1315 1275 1362 nos

143 1407 247 1490 magis
262 1408 372 1491 traxit,
389 1430 487 1492 quam
512 1410 656 1476 studium
680 1407 925 1493 improperandi
953 1413 1012 1473 aut
1036 1403 1279 1492 expostulandi.

251 1514 460 1584 Revertendo
476 1519 587 1603 igitur,
603 1518 689 1584 unde
714 1519 881 1603 paulisper
896 1517 1034 1600 digressi
1051 1537 1178 1581 sumus:
1204 1536 1278 1600 par·

144 1623 241 1690 titum
257 1631 291 1691 et
307 1627 511 1694 conditiones
528 1629 617 1712 pacis
637 1650 710 1693 cum
726 1625 832 1708 lbrrco
860 1627 1043 1710 accepimus
1069 1623 1279 1706 necessariae,

145 1739 176 1797 et
191 1732 351 1800 violentas
374 1739 488 1820 magis,
507 1759 604 1825 quam
621 1736 831 1818 voluntarias,
847 1735 974 1802 millum
989 1735 1023 1800 in
1038 1733 1139 1801 Italia
1162 1733 1279 1815 locum,

145 1841 271 1908 nullum
288 1844 459 1910 consilium
477 1844 516 1911 de
532 1867 612 1930 pace
629 1851 777 1930 repert03
794 1851 827 1910 et
842 1867 907 1911 non
923 1845 1032 1910 animo
1050 1849 1084 1909 ct
1100 1841 1280 1908 intentione

145 1951 363 2034 prosequendi
379 1958 413 2017 et
428 1951 559 2020 fovendi
575 1953 731 2020 Italicum
750 1953 883 2037 bellum,
898 1959 932 2018 et
948 1957 1116 2037 presentes
1132 1948 1280 2014 turbula-

145 2058 260 2142 tiones,
275 2059 333 2125 scd
349 2061 391 2126 ad
408 2061 503 2128 finem
518 2063 720 2147 pacificanda
740 2063 926 2148 specialiter
940 2061 1050 2144 Italie,
1061 2062 1230 2145 sperantes
1245 2057 1279 2126 id

146 2167 359 2250 impetratum
384 2169 454 2237 fore
478 2171 609 2238 facilius
635 2195 655 2238 a
679 2172 758 2239 belli
788 2171 969 2252 autoribus,
1002 2165 1280 2236 considerantibus

146 2273 225 2341 belli
241 2277 421 2360 incomoda,
437 2301 500 2362 que
516 2280 562 2346 eis
578 2287 733 2365 poterunt
750 2281 911 2362 obvenire,
921 2280 949 2346 si
964 2277 1041 2344 talis
1058 2276 1174 2342 luisset
1189 2295 1279 2340 mens

146 2391 179 2449 et
194 2383 363 2469 dispositio
378 2393 492 2452 nostra
506 2388 550 2454 ad
565 2387 695 2474 bellum,
711 2388 818 2474 qualis
834 2387 932 2473 vulgo
948 2385 1130 2452 existimari
1153 2383 1280 2448 dicitur.

147 2489 247 2576 Quod
273 2500 384 2560 autem
408 2516 520 2562 verum
545 2495 597 2578 sit,
621 2497 656 2562 id
681 2497 769 2582 quod
794 2496 834 2563 de
860 2495 968 2562 animo
994 2500 1027 2560 et
1051 2493 1153 2558 nimio
1170 2491 1279 2557 studio

146 2606 261 2668 nostro
277 2602 320 2669 ad
335 2624 449 2686 pacem
465 2605 623 2671 diximus:
642 2606 797 2686 volumno,
812 2611 849 2670 ut
860 2626 900 2669 ex
917 2603 978 2671 hcc
993 2601 1062 2671 solo
1079 2606 1281 2686 argumento,

147 2709 205 2792 qui
233 2730 342 2775 rerum
356 2711 513 2796 judicium
530 2712 662 2795 babent,
678 2714 885 2798 intelligant;
911 2711 1087 2796 composito
1104 2711 1189 2776 enim
1208 2731 1281 2775 cum

148 2816 257 2882 Turco
272 2816 370 2900 bello,
386 2823 544 2886 remansit
559 2828 652 2888 extra
667 2821 820 2888 universa
836 2821 950 2887 classis
967 2825 1084 2886 nostra
1099 2819 1281 2888 triremium

148 2927 397 3012 quinquaginta,
429 2937 463 2996 et
493 2933 623 2998 narium
661 2938 861 3000 armatarum
892 2930 1127 3015 complurium
1158 2935 1191 2996 et
1220 2949 1281 3012 pro

147 3034 238 3101 noris
254 3033 294 3102 de
319 3059 408 3104 more
432 3040 632 3107 instruendis
657 3041 846 3107 triremibus
861 3039 1061 3106 adventante
1077 3059 1161 3122 vere,
1185 3059 1280 3122 pecu·

147 3143 201 3210 nie
214 3144 284 3228 jam
300 3152 417 3230 parate
433 3155 539 3234 erant,
552 3171 637 3216 nora
652 3170 789 3234 corpora
805 3155 839 3215 et
855 3153 1060 3215 armamenta
1076 3153 1109 3213 et
1133 3146 1280 3212 homines

147 3254 294 3336 prompti
319 3263 353 3322 et
379 3259 556 3325 exercitati.
579 3257 800 3324 Invitantibus
824 3258 991 3342 plerisque
1017 3262 1049 3320 et
1075 3255 1136 3337 bis,
1163 3255 1219 3339 qui
1248 3255 1283 3319 in

147 3360 266 3447 Regno
281 3362 481 3450 Napolitano
502 3368 556 3452 jus
580 3368 702 3436 babere
724 3366 924 3452 pretendunt
947 3386 1047 3432 novos
1072 3385 1142 3430 sese
1168 3364 1283 3445 socios,

148 3495 233 3540 nora
256 3475 402 3559 presidia
426 3482 459 3542 et
483 3482 573 3543 terra
598 3483 631 3543 et
656 3475 741 3542 mari
765 3474 1003 3562 pollicentibus,
1026 3479 1063 3540 ut
1086 3473 1121 3539 in
1147 3494 1284 3556 regnum

148 3584 302 3651 universa
328 3583 404 3651 belli
430 3586 532 3652 moles
558 3591 818 3665 conserta-etum
844 3605 904 3650 nos
935 3582 1102 3665 hucusque
1130 3580 1285 3647 assentiri

149 3693 324 3779 noluimus,
337 3700 507 3778 sperantes
524 3700 557 3759 et
573 3693 794 3759 verisimiliter
811 3691 1033 3776 conjectantes
1050 3711 1163 3775 pacem
1177 3689 1285 3755 locum

150 3821 219 3868 esse
235 3802 432 3886 habituram,
449 3801 490 3869 de
507 3822 573 3885 qua
589 3803 692 3869 multa
716 3801 806 3868 bona
829 3800 940 3883 verba,
964 3800 1066 3866 multe
1092 3819 1165 3883 spes
1189 3796 1284 3864 nobis

149 3909 325 3990 dabantur,
342 3935 404 3996 que
421 3911 518 3978 simul
542 3935 614 3978 curn
642 3918 753 3978 nostro
770 3909 952 3976 vehementi
969 3908 1009 3974 de
1026 3907 1086 3973 illa
1112 3906 1285 3991 desyderio

150 4042 223 4086 cum
238 4021 367 4088 ratione
384 4021 551 4105 suadente,
568 4043 653 4088 rana
676 4027 786 4087 tamen
812 4020 1012 4085 frustratura
1028 4021 1061 4082 et
1076 4015 1191 4081 dolosa
1207 4014 1286 4080 exti-

149 4135 220 4197 tere
236 4132 439 4216 experientia
452 4137 556 4212 teste;
580 4153 675 4197 nemo
690 4129 794 4214 igitur
808 4129 943 4212 inquam
967 4131 1026 4210 est,
1043 4125 1102 4208 qui
1118 4145 1190 4190 cum
1206 4122 1286 4188 veri·

150 4248 219 4309 tate
252 4241 356 4326 possit
386 4241 469 4308 banc
503 4239 733 4306 dedecorosam
764 4243 877 4304 notam
908 4235 1002 4303 nobis
1033 4233 1222 4318 impingere,
1252 4237 1285 4297 et
1333 4324 1335 4328 ι

151 4351 339 4437 hujusmodi
364 4349 471 4418 faeere
496 4351 664 4435 indignam
689 4348 948 4432 imputationem,
972 4342 1060 4448 quod
1087 4361 1160 4407 cum
1177 4338 1286 4406 Turco

154 4482 268 4548 pacem
284 4461 451 4527 inierimns
466 4482 526 4546 pro
542 4459 691 4526 faciendo
707 4458 807 4524 Italic
832 4455 928 4536 bello,
945 4459 977 4518 et
1001 4473 1060 4537 pro
1081 4449 1286 4518 adversando

162 4569 241 4638 Sedi
257 4569 457 4657 Apostolice,
473 4591 572 4656 quam
589 4589 716 4654 semper
733 4568 901 4649 coluimus,
916 4583 1043 4648 semper
1067 4583 1177 4628 sumus
1197 4581 1289 4628 vene·

200 4709 458 4747 aerumnosa-
474 4707 543 4744 sors
559 4707 619 4743 arr.
635 4707 661 4742 r.
1144 4676 1178 4721 2⁸
