3340 5260
404 377 468 449 iro
752 401 985 450 umrrounoarnr
1002 387 1169 450 nullanus.

402 563 531 646 cognite
557 564 678 630 totiens
703 563 786 629 salse
812 569 844 629 et
867 564 1047 630 mendaces.
1074 562 1204 647 Rogata
1229 543 1528 650 eandem'Regiam

404 671 655 754 Sublimitatem,
673 672 756 737 sicut
772 693 940 756 speramus
957 674 1101 758 ejusdem
1118 695 1196 756 erga
1212 695 1270 738 nos
1281 675 1380 738 menti
1398 681 1430 738 et
1446 669 1530 736 firmi

401 777 561 865 propositi
579 801 648 844 esse
665 779 752 862 velit,
769 780 901 864 suisque
918 781 1020 846 Banis
1038 787 1069 846 et
1095 782 1170 866 alijs
1196 782 1310 865 Regijs
1335 779 1530 846 officialibus

401 892 435 952 et
464 887 605 953 subditis
629 887 773 954 declaret
798 895 831 953 et
856 911 1005 972 expresse
1023 892 1169 973 imperet,
1193 895 1229 954 nt
1245 912 1317 954 oum
1333 888 1530 954 Rectoribus

401 999 435 1060 et
448 995 632 1062 hominibus
649 998 767 1062 nostris
782 997 831 1062 ita
846 1020 880 1062 se
896 1004 1021 1080 gerant,
1038 998 1125 1082 quod
1143 997 1328 1082 hujusmodi
1345 997 1530 1062 animorum

399 1107 586 1170 nostrorum
613 1112 726 1170 mutua
749 1105 936 1190 conjunctio
961 1113 994 1171 et
1020 1107 1145 1189 optima
1170 1106 1342 1189 dispositio
1375 1104 1528 1169 omnibus

401 1209 492 1276 clara
513 1218 547 1276 et
572 1211 745 1280 manifesta
772 1213 823 1294 sit,
850 1235 913 1295 que
930 1215 1017 1279 fama
1033 1221 1253 1297 preterquam,
1269 1211 1357 1296 quod
1374 1213 1531 1276 honorem

400 1319 569 1404 utriusque
585 1325 732 1385 nostrum
756 1327 894 1404 spectat,
920 1321 1056 1386 utilitati
1073 1323 1172 1386 etiam
1188 1327 1222 1385 et
1238 1319 1416 1384 commodis
1442 1319 1532 1382 miri-

401 1425 459 1491 fice
475 1427 635 1508 inserviet,
645 1434 741 1510 etque
752 1429 795 1494 ad
806 1429 939 1494 Terssat
949 1431 1097 1512 pertinet,
1108 1429 1283 1492 certificate
1293 1428 1434 1510 Regiam
1448 1425 1532 1492 Sub-

400 1533 575 1600 limitatem
587 1533 686 1600 Suam
698 1559 756 1602 uos
767 1559 830 1602 non
847 1538 951 1601 solum
969 1539 1064 1602 modo
1081 1540 1224 1603 munisse
1241 1537 1331 1619 illud,
1342 1537 1398 1601 sed
1409 1558 1469 1600 nec
1480 1557 1533 1598 co-

402 1641 524 1724 gitasse
541 1643 678 1726 quidem,
695 1667 828 1728 esseque
847 1653 991 1711 nostram
1009 1647 1220 1712 intentionem
1246 1647 1385 1711 alienam
1402 1646 1533 1728 penitus

400 1758 433 1816 et
448 1753 489 1818 ab
506 1773 553 1833 eo,
564 1758 597 1816 et
612 1751 653 1818 ab
666 1754 782 1819 ceteris
800 1755 1045 1839 quibuscunque
1063 1755 1236 1821 robustam
1248 1757 1280 1820 in
1300 1755 1422 1819 ditione
1442 1753 1530 1836 ipso·

401 1883 471 1926 rum
490 1858 662 1942 Comitum,
678 1884 777 1944 quam
793 1863 931 1927 ubilibet
946 1864 1024 1928 alibi
1041 1864 1314 1946 constitutisque
1330 1863 1373 1926 ad
1389 1862 1533 1944 Regium

401 1994 495 2045 suurn
512 1970 662 2036 diadema
678 1971 852 2054 pertinent.
868 1974 915 2037 Et
931 1973 958 2037 si
975 1973 1060 2038 sorte
1076 1973 1180 2037 simile
1196 1973 1371 2056 quicquam
1388 1971 1431 2036 ad
1457 1969 1534 2034 Ma-

398 2084 552 2166 jestatem
571 2078 671 2145 Suam
687 2081 902 2164 imposterum
920 2082 1111 2162 referentur,
1127 2083 1318 2165 priusquam
1335 2079 1377 2146 ad
1394 2078 1530 2144 creden-

401 2189 478 2254 dum
496 2195 680 2254 moveatur:
698 2189 829 2254 differat
847 2197 878 2254 ot
889 2197 1037 2273 expectet
1054 2191 1222 2274 tantisper,
1244 2189 1347 2255 donee
1357 2188 1534 2252 veritatem

401 2296 579 2378 intelligat,
596 2297 757 2380 quomodo
775 2307 946 2380 cognoscet
961 2321 1020 2364 uos
1037 2321 1130 2364 veros
1147 2305 1180 2364 et
1203 2303 1390 2362 constantes
1407 2295 1534 2360 amicos

401 2412 435 2470 et
450 2405 677 2472 confederatus
695 2428 778 2487 suos,
795 2407 926 2490 qualem
950 2408 1090 2491 Regiam
1107 2407 1350 2474 Sublimitatem
1367 2425 1447 2486 erga
1473 2423 1534 2468 nos

402 2535 473 2579 esse
488 2513 621 2598 foreque
637 2521 669 2579 et
686 2515 845 2580 credimus
861 2523 894 2581 et
910 2537 1086 2599 speramus.

509 2677 733 2741 Intelleximus
750 2684 905 2761 quantum
922 2679 1065 2744 scribitis
1083 2679 1122 2744 de
1138 2681 1245 2764 Regia
1269 2677 1469 2763 proiectione
1486 2672 1530 2739 ad

401 2783 587 2868 impresiam
603 2784 738 2849 Boemie
754 2791 786 2848 et
803 2792 861 2850 eet.
873 2787 959 2851 circa
969 2786 1057 2871 quod
1068 2788 1179 2872 petitis
1189 2787 1359 2868 declarari,
1376 2786 1403 2851 si
1422 2804 1534 2849 secum

402 2894 449 2958 ire
465 2892 619 2973 debeatis,
635 2915 678 2957 an
694 2915 824 2959 manere
841 2895 874 2959 in
891 2896 1000 2980 aliquo
1019 2919 1057 2960 ex
1073 2897 1161 2975 locis,
1178 2918 1241 2980 que
1259 2894 1456 2959 memoratis.
1485 2891 1534 2955 Et

403 3000 539 3066 dicimus
555 3001 746 3066 intentionis
762 3009 875 3067 nostre
891 3026 956 3068 uon
973 3027 1054 3088 esse,
1071 3010 1108 3068 ut
1124 3003 1348 3088 proficiscente
1374 3001 1535 3084 Majesta-

402 3115 435 3173 te
453 3105 521 3172 Sua
536 3107 577 3172 ad
590 3109 680 3173 illam
691 3109 887 3192 impresiam,
897 3131 953 3177 ros
964 3113 1054 3178 illam
1066 3112 1248 3196 sequimini,
1265 3111 1342 3196 quia
1357 3110 1465 3194 potius
1476 3129 1534 3172 vos

401 3215 546 3281 reducite
572 3216 606 3280 in
632 3215 776 3299 aliquem
799 3220 944 3285 locorum
960 3244 1018 3304 per
1035 3243 1090 3286 vos
1108 3226 1361 3286 memoratorum
1379 3217 1443 3300 ubi,
1461 3239 1535 3311 suc-

403 3346 513 3389 cessus
531 3332 564 3392 et
581 3328 787 3393 occurrentia
802 3350 886 3393 nova
902 3330 1087 3412 intelligere
1104 3331 1195 3396 etad
1212 3351 1272 3394 nos
1288 3327 1440 3406 scribere,
1457 3347 1535 3390 uos-

403 3438 537 3516 trasque
554 3435 697 3519 recipere
714 3437 827 3502 literas
844 3439 939 3502 citius
956 3445 988 3504 et
1005 3439 1171 3505 comodius
1196 3439 1368 3504 valeamus.

510 3597 561 3663 De
578 3595 783 3666 Olrristoforo
800 3601 840 3665 de
855 3601 954 3667 Bolla
969 3601 1197 3682 intelleximus,
1207 3607 1364 3685 quantum
1380 3601 1450 3684 ipse
1467 3601 1537 3666 Re·

403 3704 456 3787 gia
481 3705 655 3791 Majestati
680 3730 854 3793 perperam
880 3711 1048 3793 retulerat,
1082 3718 1115 3775 et
1149 3719 1307 3796 qnantum
1340 3731 1397 3776 vos
1429 3710 1535 3793 probe

404 3810 437 3874 in
453 3814 637 3895 oppositum
654 3817 799 3899 predicte
825 3818 995 3902 Majestati
1021 3819 1222 3899 declarastis,
1248 3821 1357 3902 sicque
1383 3817 1535 3882 iaciendo

403 3921 538 4003 pergite,
554 3928 586 3986 et
602 3945 729 3988 omnem
746 3925 860 3990 diluite
886 3933 918 3990 et
939 3926 1088 3992 abradite
1115 3929 1232 3994 falsam
1258 3929 1535 3993 informationem.

405 4026 558 4112 Quinimo
574 4032 658 4098 sieut
674 4033 778 4114 pridie
794 4034 883 4098 vobis
897 4036 1098 4122 scripsimus
1116 4037 1155 4100 de
1171 4038 1257 4101 omni
1274 4043 1387 4101 secuta
1403 4057 1537 4119 compo-

405 4137 521 4202 sitione
538 4139 626 4204 intcr
642 4139 897 4224 Imperatoriam
914 4145 1125 4228 lllajestutem
1143 4153 1175 4210 et
1192 4145 1332 4229 Regiam
1359 4143 1535 4208 Celsitudi-

404 4267 479 4311 nem
505 4247 603 4312 etde
629 4251 834 4317 matrimonio
859 4260 894 4318 et
919 4253 959 4317 de
984 4256 1072 4318 omni
1100 4255 1167 4318 alia
1190 4276 1233 4334 re,
1250 4261 1283 4318 et
1299 4274 1457 4335 successu,
1475 4255 1534 4336 qui

403 4356 533 4439 utrique
558 4379 667 4423 eorum
684 4360 852 4426 commoda
877 4362 926 4442 sit,
942 4383 1013 4426 oum
1029 4369 1167 4446 utroque
1193 4385 1249 4428 ros
1275 4370 1385 4429 nostro
1403 4363 1535 4426 nomine

405 4467 613 4549 amplissimis
638 4470 747 4534 verbis
774 4472 1056 4556 congratuleminij
1075 4479 1106 4537 et
1124 4470 1291 4537 declarate
1323 4471 1466 4536 leticiam
1493 4491 1535 4534 ex

405 4577 468 4647 hoc
484 4581 629 4642 nostram
647 4599 706 4666 pro
724 4601 832 4644 amore
858 4585 890 4642 et
916 4581 1040 4650 sincera
1067 4587 1181 4648 uestra
1207 4581 1239 4646 in
1265 4603 1321 4646 eos
1346 4580 1533 4645 benivolen-
