3340 5260
404 379 467 440 190
761 394 992 440 nnnonsoamr
1010 383 1177 449 aurnuns.

400 575 587 640 comparere
603 555 758 635 debeatis,
776 562 808 619 et
824 554 884 619 snb
900 555 1007 620 literis
1023 557 1142 622 nostris
1159 554 1423 637 credentialibus,
1447 578 1533 642 quas

399 665 491 730 vobis
508 663 668 729 mittimus
684 663 888 747 presentibus
906 663 1070 746 alligatae,
1094 670 1169 749 post
1185 665 1301 731 solitas
1326 665 1535 732 commenda·

399 772 504 837 tiones
521 779 552 837 et
569 779 758 838 venerantes
774 773 955 839 oblationes
971 773 1078 854 dicite,
1095 774 1182 858 quod
1199 773 1329 858 quando
1345 773 1448 856 priori
1463 775 1534 838 vice

399 901 454 946 vos
470 881 616 948 misimus
632 882 675 948 ad
692 881 941 967 imperatoriam
958 882 1169 966 Maiestatem
1187 880 1289 949 Suam
1309 903 1408 948 cansa
1426 888 1534 948 vestre

398 990 573 1074 legationis
590 990 681 1056 etad
697 1011 768 1056 earn
787 995 820 1054 et
835 991 869 1054 in
888 989 1091 1074 Hungeriam
1110 990 1152 1056 ad
1168 991 1261 1057 illum
1280 989 1534 1058 serenissimum

398 1098 575 1166 Dominum
583 1101 719 1182 Regem,
731 1100 793 1165 fuit
807 1099 1018 1184 importantia
1033 1100 1250 1185 periculorum
1266 1122 1373 1166 rerum
1384 1101 1534 1167 christia-

398 1231 524 1290 narum,
549 1209 592 1275 ad
618 1231 756 1293 quarum
783 1209 917 1275 exitium
944 1212 1130 1274 struinam
1161 1209 1380 1292 implacabilis
1406 1205 1533 1273 Ohristi

400 1316 512 1398 hostis,
522 1316 659 1400 Tarona,
673 1339 743 1382 cunr
761 1316 910 1382 omnibns
926 1316 1050 1384 uiribus
1067 1315 1175 1382 studet
1192 1323 1225 1382 et
1241 1317 1400 1401 invigilat.
1412 1315 1534 1380 Postea

399 1432 512 1491 secuta
529 1433 578 1491 est
593 1425 781 1491 miseranda
799 1427 996 1509 expugnatio
1013 1425 1104 1492 urbis
1121 1433 1152 1490 et
1168 1425 1271 1491 insule
1287 1432 1398 1491 nostro
1410 1426 1534 1506 Nigro-

398 1535 490 1616 ponti
506 1533 588 1600 adeo
605 1542 787 1618 opportune
805 1542 836 1599 et
853 1533 1063 1599 accomodate
1080 1533 1123 1598 od
1141 1533 1285 1618 ejusdem
1313 1534 1416 1598 hostis
1444 1532 1534 1597 rieta-

399 1644 464 1708 rios
481 1651 626 1724 conatus,
644 1645 728 1708 sicut
743 1665 801 1726 per
818 1650 947 1708 nostras
963 1644 1078 1708 literas
1090 1642 1309 1726 Imperatorie
1327 1640 1533 1707 Sublimitati

399 1749 474 1832 Sue,
490 1751 643 1818 distincte
668 1753 903 1836 expressimns3
927 1751 1012 1816 rande
1031 1753 1092 1817 nisi
1109 1772 1168 1834 per
1193 1751 1404 1837 Majestatem
1430 1746 1532 1814 Suam

398 1861 431 1924 in
456 1861 569 1944 primis
604 1863 820 1944 superrimum
852 1859 1102 1924 christianorum
1127 1860 1317 1944 prinoipem,
1342 1865 1533 1942 ceterosque

399 1967 595 2034 christianos
619 1974 808 2052 potentatus
839 1968 1007 2034 celerrime
1038 1974 1239 2050 occurratur,
1270 1967 1533 2051 triumphaturus

398 2083 447 2140 est
462 2075 553 2142 brevi
567 2077 722 2161 temporis
737 2077 900 2142 curriculo
916 2075 1134 2143 ferocissimus
1151 2083 1184 2142 et
1201 2077 1431 2159 sanguinarius
1458 2073 1533 2139 hos-

398 2185 439 2249 tis
457 2186 496 2250 de
512 2187 600 2252 omni
616 2186 797 2251 christiana
812 2185 986 2269 religiona;
1005 2187 1177 2252 eratenim
1193 2187 1284 2270 prius
1300 2193 1391 2252 terra
1415 2190 1530 2268 poten·

398 2295 543 2358 tissimus
561 2301 593 2359 et
608 2293 846 2376 formidolosus,
871 2315 956 2360 nunc
973 2299 1082 2360 autem
1103 2295 1199 2378 longe
1210 2295 1374 2378 potentior
1390 2299 1423 2358 et
1438 2297 1531 2356 terra

399 2407 432 2465 et
458 2404 549 2480 mari,
576 2402 739 2487 longeque
764 2401 913 2468 omnibus
939 2400 1183 2468 formidolosior
1207 2402 1315 2469 sactus
1347 2410 1406 2486 est,
1437 2409 1471 2466 ot
1498 2403 1533 2464 in

398 2509 466 2576 dies
483 2511 546 2576 fiet.
562 2509 688 2577 Iccirco
705 2511 923 2577 necessarium
947 2513 1077 2594 penitus
1103 2519 1161 2594 est,
1186 2511 1248 2576 nisi
1272 2533 1385 2577 omnes
1409 2511 1532 2576 amissa

398 2619 533 2706 Imperij
558 2621 676 2704 gloria,
706 2621 826 2686 amissa
856 2618 1011 2686 libertate
1042 2627 1075 2686 et
1103 2619 1244 2686 fortunis
1276 2619 1533 2703 quibuscunque,

398 2727 556 2813 religione
572 2736 606 2794 et
620 2729 684 2795 lide
702 2729 925 2795 contaminata
942 2735 973 2794 et
990 2750 1164 2813 suppressa
1179 2731 1212 2794 in
1229 2731 1361 2797 miseria
1387 2739 1420 2795 et
1446 2729 1534 2794 cala·

398 2838 517 2903 mitosa
533 2839 688 2903 servitute
705 2838 825 2921 degere
850 2840 994 2903 animum
1018 2837 1211 2922 inducimus,
1230 2845 1268 2904 ut
1282 2839 1445 2924 Majestas
1462 2837 1533 2905 Sua

399 2967 433 3010 se
450 2946 582 3030 arrigat,
599 2951 632 3011 et
647 2945 730 3012 alios
747 2947 944 3012 christianos
963 2947 1126 3032 principes
1143 2950 1262 3014 excitet
1277 2954 1310 3012 et
1325 2947 1472 3032 impellet
1488 2948 1532 3014 ad

404 3075 605 3121 communem
622 3057 915 3140 propugnationem
932 3062 965 3122 et
980 3056 1128 3122 salutem.
1139 3055 1352 3140 Ampliiioata
1362 3059 1462 3141 igitur·
1472 3057 1534 3123 hac

398 3169 501 3246 parte,
528 3163 614 3228 sicut
639 3184 697 3247 per
721 3163 809 3228 illius
836 3163 1052 3228 conditionem
1078 3168 1111 3228 et
1136 3165 1306 3230 veritatem
1337 3165 1532 3248 amplificari

398 3272 520 3355 optime
536 3277 702 3356 potestat
718 3271 787 3340 Vos
803 3293 862 3355 pro
887 3279 997 3337 vestra
1020 3273 1194 3355 prudentia
1218 3277 1251 3338 et
1266 3273 1420 3339 facundia
1446 3295 1534 3338 com-

399 3379 584 3446 modissime
611 3378 810 3464 amplificare
835 3380 951 3460 scietis,
977 3380 1188 3465 Majestatem
1219 3381 1399 3465 predictam
1425 3383 1535 3447 horte·

399 3489 479 3554 mini
495 3489 583 3554 omni
602 3489 634 3552 ri
650 3494 684 3552 et
700 3486 846 3554 efficacia
870 3490 1042 3554 verborum
1057 3489 1100 3554 ad
1115 3491 1314 3573 provisiones
1331 3497 1364 3555 et
1378 3491 1421 3555 ad
1438 3513 1535 3574 expe·

400 3597 555 3666 ditionem
572 3603 687 3664 contra
712 3597 880 3664 Turchum
905 3597 1097 3679 faciendam,
1123 3600 1401 3682 cogitationesque
1424 3599 1534 3684 Ime-

400 3707 522 3772 ratorio
539 3706 727 3791 Majestatis
753 3703 818 3771 Sue
845 3705 932 3770 circa
957 3705 990 3769 id
1015 3706 1200 3790 intelligere
1225 3714 1407 3791 procurate.
1433 3717 1466 3773 et
1492 3707 1534 3772 de

399 3814 487 3880 illius
502 3814 721 3898 responsione,
738 3814 843 3897 deque
859 3813 1009 3879 omnibus
1032 3814 1278 3881 occurrentibus
1303 3837 1362 3882 nos
1382 3837 1440 3899 per
1464 3838 1536 3882 ves-

400 3929 470 3988 tras
487 3921 600 3989 literas
617 3921 716 3988 facite
733 3922 898 4002 cemioros,
914 3943 979 3986 non
1005 3921 1200 3989 discedendo
1217 3923 1257 3988 ab
1275 3923 1389 3988 eadem
1412 3923 1536 4009 Majes-

400 4037 479 4113 tato,
504 4031 560 4096 sed
593 4031 717 4114 jugiter
749 4036 783 4095 et
808 4029 935 4095 assidue
962 4029 1149 4095 silioitando
1175 4031 1374 4115 provisiones
1401 4039 1434 4097 et
1466 4033 1537 4099 alia

399 4147 512 4206 nostra
528 4145 701 4224 expectata
717 4138 883 4208 mandata.

516 4258 548 4319 ÷
603 4252 665 4312 145
714 4287 757 4297 —-
804 4254 824 4312 0
871 4288 914 4295 -—
962 4255 990 4314 0.

510 4412 669 4472 (Velenczei
683 4411 863 4474 allnmkanyv
878 4415 937 4460 14⁹.
950 4412 980 4474 1.)

888 4589 1048 4598 ...—
