3340 5260
396 318 457 376 196
743 333 976 378 mruouaezmr
993 321 1160 378 suntuna.

390 493 581 558 ticulariore
611 493 892 576 impresentiarum
908 495 1084 573 veniamus,
1100 493 1227 558 ridetur
1251 493 1345 558 nobis
1370 514 1525 576 magnam

390 609 518 686 partem
534 623 643 667 rerum
658 602 741 667 bene
758 603 974 686 gerendarum
991 609 1105 668 contra
1125 601 1268 668 ancnm
1295 603 1473 668 consistere
1490 603 1525 666 in

391 712 506 795 Regno
532 718 565 776 ct
590 711 714 776 riribns
740 711 985 796 Hungarorum,
1010 720 1042 776 et
1068 714 1154 778 sicut
1180 711 1353 778 certificati
1379 735 1419 776 ex
1437 713 1524 776 bono

392 818 461 884 ioco
479 843 599 901 sumus,
618 819 747 884 ridetur
763 821 819 885 iile
836 821 1068 886 Screnissimus
1084 820 1246 886 Dominus
1262 822 1337 887 Rex
1361 843 1434 886 cum
1451 827 1523 884 toto

393 928 510 1010 Regno
527 928 649 1011 optime
666 949 701 993 se
718 929 760 994 ad
777 929 969 995 movendum
986 935 1100 994 contra
1116 927 1265 995 Turchos
1291 951 1361 994 esse
1387 929 1525 1012 disposi-

391 1043 452 1100 tus.
468 1037 514 1101 Et
529 1043 685 1120 proptera
698 1036 919 1118 judicaremus
936 1036 1022 1102 illius
1040 1035 1252 1120 Majestatem
1277 1059 1337 1120 per
1361 1034 1524 1101 Cardine-

391 1145 454 1208 lem
481 1147 667 1228 quempiam
693 1145 854 1228 Legatum
881 1145 920 1211 de
946 1144 1049 1210 latere
1074 1169 1139 1211 non
1163 1147 1267 1212 solnm
1293 1147 1326 1210 in
1352 1145 1525 1228 proposito

392 1251 657 1332 confirmandam,
674 1251 730 1316 sed
747 1255 846 1318 etiam
862 1252 1097 1318 incendendam
1113 1261 1147 1317 et
1163 1253 1406 1319 inflamandam.

501 1361 553 1427 De
565 1361 786 1428 Serenessimo
797 1361 940 1426 Domino
953 1361 1044 1444 Rege
1054 1362 1188 1428 Polonie
1199 1363 1336 1428 dicimus
1348 1360 1430 1426 illud
1441 1358 1527 1424 idom

392 1469 502 1534 ridere
519 1470 623 1553 nobis,
639 1475 676 1534 ut
693 1491 752 1553 per
769 1470 984 1552 apostolicum
1011 1470 1171 1552 Legatum
1190 1471 1232 1536 ad
1257 1477 1406 1536 sanctam
1426 1489 1525 1552 expe·

392 1577 547 1642 ditionem
566 1577 731 1660 invitetur,
752 1583 782 1642 ot
794 1579 962 1642 excitetur.
983 1575 1034 1642 De
1045 1576 1260 1644 Serenissimo
1271 1576 1477 1662 Imperatore
1491 1581 1525 1640 et

392 1685 467 1770 alijs
483 1683 685 1768 principibus
702 1685 876 1750 Alemanie
892 1687 1038 1752 misimus
1055 1685 1143 1751 vobis
1167 1685 1392 1770 superioribus
1407 1685 1525 1750 diebus

393 1793 574 1876 exemplum
591 1792 764 1858 literarum
780 1793 842 1858 riri
858 1793 989 1859 Nobilis
1005 1793 1122 1859 Joanis
1138 1792 1247 1878 Aymo
1259 1794 1382 1875 militis,
1407 1790 1528 1856 Orato-

393 1901 439 1965 ris
465 1900 579 1981 nostri,
595 1923 615 1965 a
641 1921 706 1984 quo
732 1901 815 1966 alias
840 1903 937 1966 etiam
954 1901 1068 1966 literas
1085 1901 1266 1982 habuimus,
1283 1923 1379 1984 super
1396 1900 1457 1965 illa
1473 1923 1526 1964 ca-

393 2009 466 2074 dem
482 2009 632 2091 materia,
641 2031 780 2092 querum
790 2011 941 2074 similiter
951 2010 1133 2092 exemplum
1144 2009 1233 2075 robis
1243 2011 1403 2074 mittimus
1415 2008 1467 2072 his
1479 2009 1526 2072 in-

392 2125 521 2196 sertum,
532 2123 568 2182 ut
579 2119 688 2182 omnia
713 2118 805 2183 robis
830 2118 993 2197 notasint,
1010 2126 1044 2182 et
1064 2119 1268 2184 comunicare
1294 2139 1368 2183 cnm
1385 2116 1520 2183 Summo

393 2224 553 2290 Pontifice
579 2226 718 2309 possitis,
741 2225 898 2309 fungique
924 2247 1056 2291 munere
1081 2226 1409 2310 prudentissimorum
1436 2226 1526 2308 lega-

392 2340 502 2399 torum
526 2341 563 2398 ut
588 2335 808 2400 consuevistis.
833 2336 881 2400 Et
906 2335 1016 2399 omnia
1032 2341 1165 2399 serrata
1180 2335 1340 2400 modestia
1357 2341 1389 2399 et
1406 2335 1525 2399 decore

392 2441 565 2508 hortemini
581 2450 613 2507 et
629 2441 764 2507 suadete
782 2441 959 2508 Sanctitati
976 2441 1130 2526 predicte,
1146 2442 1188 2508 ad
1213 2443 1446 2508 conveniedum
1463 2443 1524 2506 ali·

392 2551 467 2616 cubi
505 2573 578 2616 cum
612 2549 835 2634 Imperatoria
866 2549 1048 2635 Majestate
1075 2557 1108 2615 et
1143 2551 1186 2616 ad
1213 2551 1459 2616 convocandum
1486 2551 1525 2614 il·

392 2660 445 2724 luo
461 2659 653 2724 christianos
670 2664 868 2741 potentatus,
885 2663 921 2723 ut
938 2665 1075 2741 urgente
1092 2660 1259 2742 presentia
1285 2658 1425 2724 duorum
1453 2681 1523 2742 snp-

392 2788 554 2832 remorum
581 2765 735 2849 Cupitum
761 2775 794 2830 et
827 2768 1010 2851 principum
1037 2768 1136 2847 orbis²
1162 2767 1326 2834 faciliores
1352 2787 1464 2832 omnes
1482 2768 1526 2831 ad

391 2884 539 2943 sanctam
556 2874 796 2959 expeditionem
812 2899 845 2941 se
861 2883 1018 2961 prestent.
1027 2877 1081 2942 'Et
1097 2883 1159 2942 cot.

501 2985 543 3068 -p
593 2986 654 3048 148
701 3021 744 3029 -
795 2990 833 3050 ro
882 3025 925 3033 -
972 2991 991 3048 o

501 3093 658 3152 (Velenczei
671 3093 860 3159 sillamkdnyv.
877 3100 936 3144 111.
950 3096 979 3156 1.)

925 3421 996 3482 139.

394 3528 489 3592 1470.
506 3529 536 3591 Α
554 3527 703 3592 velerrczei
718 3526 937 3591 dllamtaau'cs
953 3527 1085 3592 vctlaaza
1112 3525 1226 3592 [11111110
1251 3527 1356 3592 Jo'uoa
1382 3529 1528 3590 csdezriri

392 3637 551 3701 kdoetdhez
567 3661 605 3700 az
622 3637 707 3702 olooz
724 3637 794 3722 liyo
812 3635 1008 3721 tdrqya‘ban,
1034 3635 1177 3716 rnolpaek
1185 3635 1321 3722 folyto'n
1347 3660 1368 3698 a
1395 3640 1528 3698 redszo'r

392 3745 422 3806 is
437 3771 457 3809 a
475 3747 565 3810 territ-
582 3747 677 3810 ellern'
693 3745 811 3827 erdlpes
835 3745 1014 3809 ke'ezitte'are
1031 3745 1239 3824 duzditando',
1256 3767 1368 3831 uyyon
1394 3771 1409 3807 e
1435 3745 1525 3808 kdoet

391 3852 475 3916 dltul
504 3854 637 3918 hosonlo'
667 3858 787 3940 tdrqyrt
813 3852 891 3916 Iere'l
923 3877 944 3916 a
981 3875 1122 3940 muqyur
1159 3853 1330 3940 kirdlyhoz
1367 3855 1398 3916 is
1426 3853 1528 3916 eli-ol.

853 3961 958 4025 dendd'
973 3961 1061 4025 vulo.

391 4101 660 4170 MCOOCLXX.
677 4103 729 4168 die
746 4102 868 4170 XXX
885 4104 1086 4172 Decembris,

481 4209 544 4277 Ser
562 4211 687 4278 Joanni
706 4211 814 4297 Aymo
834 4213 938 4294 militi,
950 4214 1085 4279 Oratori
1107 4220 1220 4278 nostro
1241 4213 1329 4295 apud
1350 4213 1525 4279 Serenissi-

393 4319 566 4404 Sapientes
583 4319 719 4405 Oonsilij
737 4329 770 4386 et
826 4321 829 4421 1
878 4342 966 4386 mum
983 4318 1164 4388 Dominum
1189 4321 1437 4405 Imperatorem.

392 4427 565 4512 Sapientes
581 4433 603 4492 1.
618 4428 640 4493 t.
826 4432 829 4534 1
942 4427 1135 4510 Obsignatis
1170 4430 1288 4494 litteris
1313 4431 1523 4512 presentibus

392 4538 547 4621 alligatis,
578 4539 660 4603 alias
692 4544 815 4602 vestras
846 4537 1030 4622 accepimus
1047 4535 1111 4602 diei
1144 4535 1270 4602 XIIII.
1296 4538 1460 4622 instantis,
1491 4547 1524 4603 et
