3336 5258
710 333 804 400 1480.
1259 338 1323 402 41?

191 522 227 582 et
252 517 409 602 imponite
437 517 584 602 patronis
608 516 815 600 bambanem,
839 521 876 580 ut
901 537 975 582 eum
1001 516 1137 600 reliquis
1168 539 1224 584 vos
1254 539 1328 584 cum

193 627 283 692 omui
299 627 507 692 solicitudine
523 633 775 711 prosequantur.

304 733 347 819 -l-
397 739 459 801 137
508 774 552 785 -
597 737 619 799 4
665 770 708 782 -
758 738 785 798 1.

303 917 465 980 (Veronensi
478 895 657 981 trumuonyv
671 921 704 966 so
717 919 748 980 1.)

685 1094 843 1104 ---—

196 1535 291 1599 1480.
317 1533 347 1600 A
374 1535 528 1600 veternosa·
551 1537 769 1602 dllomtanctcs
794 1537 912 1602 1366616
940 1534 1067 1621 Alojost
1094 1535 1179 1600 mitit
1209 1535 1327 1601 tuaest

460 1646 556 1710 sietve
572 1670 593 1710 a
608 1669 752 1734 maqyar
766 1645 937 1730 kirdlyhor
954 1645 1060 1710 teudi.

89 1839 96 1856 ⁸
191 1836 503 1909 MOOOCLXXX
520 1843 574 1909 die
589 1840 690 1914 VIII.
708 1842 837 1931 Mertij.

189 1965 364 2052 Sapientes
381 1966 527 2055 Consilij.
668 1969 839 2055 Quantum
872 1973 1029 2055 importet
1065 1972 1168 2038 statui
1208 1977 1329 2052 nostro,

187 2075 363 2161 Sapientes
379 2083 403 2142 t.
419 2075 441 2143 f.
623 2080 711 2163 quod
728 2077 791 2146 Vir
808 2078 938 2146 Nobilis
956 2078 1113 2162 Aloysius
1129 2079 1245 2144 Laudo
1274 2081 1328 2144 de-

185 2187 333 2269 signatus
358 2169 626 2253 Oraff—noster
650 2187 693 2253 ad
718 2186 969 2253 serenissimum
995 2185 1176 2252 Dominum
1201 2185 1326 2269 Regem

192 2292 366 2379 Hungarie
383 2317 482 2378 quam
502 2295 640 2363 celerius
665 2295 821 2380 possibile
845 2295 895 2378 sit,
912 2296 955 2361 ad
980 2296 1103 2361 dietam
1127 2317 1220 2361 suam
1245 2296 1334 2378 lega-

196 2403 318 2469 tionem
343 2403 578 2489 proficiscatur,
604 2425 700 2469 nemo
725 2409 784 2488 est,
808 2406 864 2489 qui
889 2405 1027 2490 ignoret,
1058 2403 1220 2488 quomodo
1245 2405 1334 2487 prin·

198 2512 302 2597 oipale
328 2513 575 2580 fundamentum
609 2513 695 2580 dicte
727 2514 902 2599 legationis
928 2513 1076 2579 eonsistit
1101 2515 1135 2578 in
1159 2512 1333 2592 eeleritate,

197 2627 371 2706 propterea
387 2622 478 2688 vadit
493 2642 590 2706 pars:
615 2620 714 2706 Quod
738 2621 844 2688 dietus
860 2620 985 2688 Orator
1005 2621 1081 2687 hine
1106 2621 1335 2701 discederem

198 2729 380 2796 addictam
405 2752 498 2796 suam
522 2730 720 2814 legationem
740 2731 788 2796 ire
805 2730 923 2796 debeat
939 2729 991 2796 die
1009 2728 1166 2813 Mercurij
1185 2729 1333 2814 proxima

199 2837 261 2904 sub
297 2859 381 2922 pena
407 2839 535 2905 ducatis
558 2839 648 2906 mille
672 2839 706 2904 in
732 2841 800 2905 suis
824 2840 949 2924 proprij
976 2839 1068 2905 bonis
1094 2837 1265 2920 exigenda,
1290 2837 1333 2903 ab

199 2943 422 3013 Advocatoris
439 2947 597 3014 Comuuis
613 2949 738 3032 absque
753 2948 822 3015 ullo
836 2947 980 3014 oonsilio.

310 3073 353 3159 ΔΓ
402 3079 464 3140 128
511 3113 555 3123 -
602 3079 620 3140 τ
668 3112 712 3123 -
759 3081 788 3142 0.

306 3237 461 3294 (Velenezei
475 3240 656 3305 illamkonyr
669 3245 703 3292 80
717 3241 748 3302 l.)

687 3421 847 3430 -0---—-—-—-

735 3657 809 3720 279.

206 3843 298 3906 1480.
315 3839 457 3905 Beatriae
480 3839 636 3928 kirrilynt
652 3835 859 3922 futdrrinak,
884 3839 1023 3925 parmai
1048 3838 1217 3924 Lojoonak
1241 3859 1334 3922 peres

348 3951 440 4036 uqytt
457 3975 478 4015 α
486 3949 646 4037 ferraret
662 3947 1027 4035 berezepntflqyelme‘be
1043 3948 1186 4033 ajdnlja.

307 4127 537 4194 Illustrissima
552 4149 645 4195 soror
660 4135 774 4196 nostra
785 4125 975 4195 Carissimo.
986 4127 1151 4194 Lodosioo
1162 4124 1203 4191 de
1219 4147 1335 4210 parma

158 4277 162 4280 -
200 4231 378 4304 Cavallaro
404 4237 478 4304 dela
503 4239 635 4306 Maesta
660 4239 713 4306 del
740 4238 877 4323 Signore
901 4237 965 4320 Re,
980 4244 1093 4303 nostro
1114 4233 1276 4302 Consorte
1302 4241 1336 4300 et

201 4353 322 4428 nostro,
339 4352 371 4412 et
387 4347 418 4413 el
433 4347 511 4431 qual
528 4349 789 4414 continuamente
815 4369 855 4414 ne
881 4347 927 4413 ba
951 4347 1079 4428 servito,
1106 4351 1137 4410 et
1163 4353 1254 4411 servo
1273 4363 1335 4410 oon

94 4501 98 4504 .,
201 4453 322 4521 fedelta
347 4463 381 4521 et
406 4477 535 4524 amore:
561 4457 643 4522 bave
659 4457 702 4524 do.
717 4457 863 4523 relevere
888 4456 912 4522 li
937 4457 974 4522 in
991 4455 1137 4521 Ferrara
1161 4453 1204 4518 da
1229 4452 1337 4518 alcuni

158 4617 161 4622 .
201 4563 250 4628 soi
275 4561 417 4630 debitori
443 4571 535 4631 eerta
561 4566 710 4648 quantita
741 4565 782 4631 de
811 4566 924 4650 denarj
954 4565 1052 4632 certis
1077 4560 1281 4647 respectibus
1306 4565 1340 4624 et

247 4701 310 4740 uon.
326 4703 407 4738 suno.
424 4703 492 4740 urar.
511 4715 552 4725 -—
571 4703 637 4739 uem
655 4704 715 4740 exn.
729 4703 756 4740 v.
1197 4675 1230 4724 ²7
