3336 5252
429 289 494 366 306
787 304 1020 368 orruounczmr
1036 304 1205 368 murdrum

425 479 593 562 indomito,
609 481 885 565 insuperabilique
900 481 988 548 bella
1004 505 1100 565 agere
1119 483 1322 564 conduceret,
1337 501 1419 565 quos
1434 471 1554 544 intelle·

423 589 510 654 xerit
525 589 618 667 sorte,
635 590 720 654 sicut
735 588 819 652 solet
835 587 1010 674 (bellorum
1025 597 1159 656 eventus
1185 610 1255 654 esse
1283 588 1417 673 dubius)
1433 587 1553 652 vincere

423 716 528 779 posse,
544 697 629 762 vinci
645 719 709 762 non
725 703 892 763 metueret.
909 694 1081 780 Quomodo
1098 700 1184 764 enim
1200 695 1374 764 vincendos
1397 701 1553 781 putamus,
1647 703 1648 720 ³

424 825 504 888 quos
535 809 605 890 ipse
633 807 776 872 locorum
811 808 892 872 situs
918 814 1033 874 contra
1058 829 1267 892 quoscunque
1294 806 1450 885 defendit,
1482 827 1556 890 quo-

423 914 520 979 modo
536 915 670 997 inquam
679 915 854 982 vincendos
871 922 1035 998 putamus,
1053 917 1107 1000 qui
1125 936 1252 1000 semper
1268 915 1414 998 presidia
1430 914 1553 997 imperij

424 1019 565 1106 (etiamsi
594 1021 691 1088 modo
725 1023 837 1105 negari
870 1023 1056 1108 videantur)
1087 1031 1205 1108 presto,
1237 1045 1310 1088 cum
1341 1044 1423 1108 opus
1453 1021 1556 1102 fuerit,

426 1134 501 1194 sunt
518 1129 673 1194 habituri.
690 1129 808 1194 Potuit
824 1153 863 1195 nc
875 1131 1082 1196 Fraternitas
1093 1129 1216 1196 Vestra
1234 1131 1376 1212 credere,
1393 1130 1482 1212 quod
1498 1131 1555 1195 sibi

424 1237 579 1322 placeret,
596 1240 790 1304 uthomines
806 1238 853 1303 illi
871 1241 1174 1321 exterminarentur,
1191 1240 1309 1324 quibus
1326 1239 1471 1304 subactis
1488 1259 1556 1303 con·
1647 1303 1648 1326 ,

425 1346 556 1410 cludere
573 1346 706 1412 habuit:
724 1347 804 1412 nihil
821 1347 883 1411 sibi
895 1354 1000 1412 tutum
1018 1348 1167 1432 relinqui,
1179 1349 1243 1412 imo
1254 1355 1287 1411 et
1303 1369 1336 1412 sc
1353 1349 1459 1430 ipsum
1476 1345 1557 1410 subi-

425 1455 593 1538 gendum?
608 1462 644 1521 at
661 1455 804 1520 nonfuit
821 1457 849 1520 ei
866 1455 1073 1522 timendum?
1090 1457 1195 1521 Tutus
1219 1457 1252 1521 in
1277 1477 1411 1539 preceps
1428 1455 1557 1520 Frater·
1646 1473 1648 1478 ’

425 1563 512 1627 uitas
529 1564 651 1631 Vestra
674 1563 766 1630 dedit
789 1570 822 1630 et
837 1565 981 1648 pessima
1005 1566 1218 1649 occupatione
1234 1565 1358 1648 ligarit,
1374 1586 1434 1650 per
1461 1585 1556 1646 quum
1646 1569 1648 1574 ’

427 1676 460 1735 et
476 1693 578 1756 regna
594 1681 627 1738 et
643 1673 731 1739 bona
747 1679 779 1738 et
795 1694 969 1758 porsonam
986 1675 1090 1757 ipsam
1106 1696 1195 1740 suam
1211 1672 1335 1740 Vestra
1351 1673 1556 1739 Fratemitas

425 1780 522 1844 certis
538 1781 691 1863 periculis
708 1782 927 1864 expositurum
948 1789 1091 1863 uouerat,
1107 1791 1144 1847 ut
1161 1783 1212 1847 rel
1229 1782 1275 1848 sic
1302 1804 1322 1846 a
1346 1788 1447 1862 metu,
1463 1801 1557 1864 quam

425 1885 526 1950 veluti
542 1887 578 1967 ie,
595 1889 652 1969 qui
668 1888 857 1969 offenderat,
873 1889 988 1954 merito
1010 1895 1212 1972 conceperat,
1239 1889 1407 1970 liberetur,
1432 1888 1557 1970 experti
1646 1909 1648 1938 2

425 1993 601 2076 loquimur,
618 2003 650 2060 et
676 2003 713 2060 ut
738 1997 889 2078 diximus,
914 2018 979 2060 non
1004 1997 1072 2060 sine
1098 1997 1217 2079 dolore,
1242 2017 1444 2060 communem
1468 1994 1558 2060 nobis

426 2109 598 2186 utramque
614 2103 777 2169 fortunam
796 2104 915 2170 Vestro
932 2105 1166 2169 Fraternitetis
1192 2106 1258 2169 sive
1275 2103 1396 2168 bonam
1412 2103 1479 2169 sive
1496 2124 1558 2167 ma·
1646 2103 1648 2150 i

425 2211 493 2276 lam
519 2233 645 2294 semper
672 2231 742 2276 esse
773 2217 947 2295 putantes3
973 2211 1184 2295 quamobrem
1208 2211 1378 2276 hortemur
1404 2209 1558 2277 Vestram
1635 2189 1648 2228 ³

427 2317 693 2404 Fraternilatem,
710 2328 868 2404 quatenus
893 2319 965 2402 sibi,
985 2321 1177 2404 priusquam
1197 2319 1238 2384 ad
1262 2319 1423 2386 ulteriora
1440 2319 1559 2384 dammi
1646 2385 1648 2406 Ι

428 2432 462 2491 et
477 2429 629 2509 graviore
646 2428 791 2511 pericula
807 2427 958 2494 deveniat
974 2428 1146 2510 providere
1161 2427 1246 2493 velit.
1263 2424 1403 2506 Certior,
1429 2426 1517 2510 quod
1534 2427 1558 2490 si
1647 2431 1648 2440 ’

425 2533 558 2600 fortuna
574 2536 711 2600 adversa
735 2535 874 2620 populos
898 2536 971 2600 illos
998 2536 1061 2601 sibi
1087 2537 1230 2620 ariserit,
1254 2535 1426 2620 imperium
1451 2541 1559 2600 toturn
1646 2521 1648 2564 l

426 2650 542 2708 contra
558 2665 591 2709 se
607 2643 731 2726 absque
748 2643 847 2708 dnbio
865 2644 907 2708 sit
922 2643 1084 2709 habitura.
1109 2642 1145 2709 Si
1162 2665 1238 2709 vero
1256 2642 1359 2729 (quod
1374 2644 1454 2708 deus
1471 2663 1561 2706 aver-

425 2751 491 2838 tat)
508 2773 598 2817 secus
615 2753 784 2834 acciderit,
801 2753 835 2816 in
851 2749 997 2817 fabulam
1014 2759 1158 2817 vertetur
1182 2759 1309 2818 tantum
1335 2751 1519 2835 principem
1542 2772 1561 2813 a

425 2862 557 2925 rusticis
575 2867 770 2944 superatum,
787 2883 865 2944 quos
882 2862 998 2926 vicisse
1023 2862 1130 2926 nullus
1156 2868 1213 2926 aut
1237 2882 1359 2944 parvus
1385 2859 1561 2925 admodum
1646 2849 1648 2862 ’

426 2966 541 3049 honor,
566 2989 587 3032 a
603 2969 721 3051 quibus
735 2969 821 3032 rinei
836 2974 931 3052 turpe
949 2990 1075 3052 semper
1091 2967 1160 3033 fuit.
1179 2967 1286 3050 Super
1309 2967 1361 3032 his
1387 2989 1458 3032 cum
1477 2967 1558 3033 Ora·

425 3073 644 3144 torcsVeetre
657 3074 903 3157 FraternitatiS,
921 3097 1002 3158 quos
1018 3077 1053 3140 in
1070 3075 1138 3140 dies
1154 3075 1383 3159 prestolamur,
1397 3073 1487 3158 apud
1504 3096 1563 3138 nos
1646 3147 1648 3166 Ε

424 3181 556 3261 suerint,
572 3183 672 3247 latius
689 3205 761 3248 cum
778 3183 910 3266 ejisdem
927 3182 1136 3248 conferemus.
1147 3182 1264 3267 Neque
1280 3185 1365 3248 enim
1382 3205 1441 3248 nos
1456 3185 1563 3248 latent

425 3291 586 3372 promissa
603 3311 732 3373 queque
749 3299 781 3354 et
806 3311 865 3355 nec
881 3292 1032 3373 practice,
1050 3313 1112 3375 que
1136 3294 1170 3356 in
1189 3293 1390 3357 contrarium
1405 3291 1500 3373 fiunt,
1516 3294 1563 3356 sic

426 3398 660 3480 consuevimuS,
676 3400 722 3463 sio
738 3420 864 3480 semper
879 3397 1001 3462 facturi
1017 3421 1136 3478 sumne,
1147 3406 1184 3464 ut
1201 3399 1307 3479 simul,
1317 3400 1407 3480 quod
1423 3401 1564 3466 dextera

425 3504 623 3589 edificemus
639 3509 771 3572 sinistra
791 3508 966 3572 diruamus.
993 3507 1068 3572 Non
1094 3507 1289 3589 dubitemne,
1306 3508 1393 3591 quod
1419 3510 1563 3591 sapienti

425 3615 595 3697 loquimur.
613 3617 762 3682 Eandem
790 3615 942 3681 Vestram
969 3617 1232 3682 Fraternitatem
1249 3617 1331 3682 bene
1348 3615 1458 3682 valore
1479 3639 1564 3682 sem·

424 3743 483 3806 per
499 3731 659 3806 optamus
684 3726 806 3789 Datum
818 3723 913 3789 Budc
932 3731 958 3790 7.
977 3723 1055 3788 Med.
1073 3721 1401 3794 MOOOOLXXVI.
1427 3725 1563 3808 Regno·

424 3852 496 3896 rum
522 3840 704 3898 nostrorum
730 3853 815 3896 aurio
841 3832 1013 3916 Hungarie
1041 3832 1146 3900 XIX.
1163 3832 1322 3898 Bohemir
1340 3855 1414 3900 vero
1432 3842 1563 3900 octavo.

535 3996 663 4057 (Milsnoi
679 3996 840 4061 sillamlttr.)
