3356 5266
598 333 693 396 1469.
1144 331 1212 390 109

13 483 15 502 Ι
90 533 125 575 ex
140 510 279 576 Deerato
294 509 401 593 Regio
418 508 537 574 Vestro
565 516 597 573 et
613 515 733 592 nostro,
758 529 869 572 rerum
897 509 994 572 etiam
1021 506 1212 572 emendatu-

13 701 15 706 .
89 643 151 685 rum
176 619 294 686 damna
327 619 559 702 hujuscemodi,
593 639 658 682 non
684 623 854 682 contentus
880 623 989 682 autem
1005 616 1056 680 his
1072 616 1206 680 Bannus

89 730 159 812 ipse,
175 749 262 792 nunc
278 727 385 793 denuo
400 725 573 792 Kalendas
590 725 700 810 Maijs,
716 725 853 789 collecta
878 723 1074 808 predatoria
1100 744 1208 804 manu,

89 835 260 919 irruptione
276 835 365 901 facta
381 836 414 900 in
431 857 547 918 agrum
562 842 712 900 nostrum
729 831 971 913 Sibiuicensem,
995 839 1163 914 tamquam
1181 834 1207 895 si

13 931 15 966 '
90 965 155 1008 cum
181 943 328 1008 hostibus
353 965 406 1008 res
432 943 493 1008 sibi
517 942 640 1022 fuisset,
666 949 733 1007 tres
759 941 853 1006 villas
888 963 927 1006 ex
952 939 1210 1023 opulentioribus

90 1051 245 1134 dirripuit,
270 1051 357 1117 ferro
377 1052 515 1134 igneque
542 1051 690 1130 vastavit,
714 1049 848 1133 predam
884 1049 1060 1114 maximam
1092 1047 1211 1130 abegit,

92 1158 269 1224 hominibus
286 1160 454 1242 plerisque
470 1159 551 1224 cesis
561 1167 661 1240 atque
672 1157 872 1243 despoliatis,
888 1157 1082 1242 demumque
1092 1157 1212 1222 molen-

89 1266 167 1330 ‹liuis
193 1267 314 1331 nostris
330 1265 477 1332 finitimis
493 1264 659 1332 Scardone
682 1265 829 1344 incensio,
855 1271 888 1330 et
921 1264 1083 1348 diruptis;
1108 1266 1211 1330 nostri

13 1395 15 1406 ’
89 1397 158 1438 uero
173 1375 293 1458 partim
310 1375 505 1458 indignitate
521 1376 577 1456 rei,
593 1381 753 1459 tantaque
782 1375 913 1459 injuria,
930 1373 1007 1438 cede
1033 1380 1066 1438 et
1091 1373 1210 1438 damno

13 1525 14 1528 =
89 1503 179 1566 super
195 1505 251 1547 sex
268 1483 406 1548 millium
423 1483 617 1548 ducatorum
633 1485 794 1565 commoti,
809 1484 931 1565 partim
947 1483 1056 1564 etiarn,
1073 1483 1150 1565 quia
1176 1489 1211 1546 ut

13 1631 15 1660 i
89 1599 132 1654 est
148 1590 236 1675 apud
253 1591 404 1673 antiquos
420 1591 585 1674 pacientia
601 1591 736 1656 nimium
752 1591 829 1671 lesa,
855 1591 1046 1672 plerumque
1074 1591 1212 1654 vertitur

90 1700 119 1762 in
135 1698 297 1780 furorem,
323 1707 476 1783 ceperunt
494 1707 527 1764 et
544 1699 606 1784 ipsi
622 1722 723 1780 arma,
739 1707 778 1764 ut
801 1701 982 1782 accepimus
999 1706 1033 1764 et
1058 1721 1129 1763 cum
1155 1699 1211 1762 ho·

90 1805 225 1872 minibus
241 1805 344 1890 ipsius
361 1808 471 1872 Banni
486 1830 602 1873 uranus
622 1809 841 1890 contulerunt,
858 1811 929 1872 cum
948 1809 1116 1891 utriusque
1137 1829 1211 1890 par-

13 1973 15 2010 ,
88 1918 127 1981 tis
140 1917 343 2000 conplurium
360 1917 445 1982 cede.
457 1915 726 1984 Molestissimum
743 1925 831 1984 certe
850 1917 908 1984 boc
933 1917 1028 1983 nobis
1053 1924 1086 1982 et
1105 1919 1210 2000 ingra-

13 2043 15 2056 ²
90 2025 247 2090 tissimum
263 2025 377 2091 auditu
394 2025 465 2109 fuit,
481 2048 582 2111 eoque
607 2029 783 2112 molestius
806 2034 904 2110 atquc
930 2027 1099 2111 ingratior,
1125 2025 1212 2108 quod

18 2197 24 2216 ,
88 2133 167 2198 nibil
183 2134 350 2217 antiquius
367 2134 521 2215 ducimus
539 2157 637 2219 quam
651 2137 737 2202 inter
753 2137 899 2202 homines
917 2142 950 2200 et
975 2135 1122 2200 subditos
1147 2134 1211 2200 Re·

88 2243 164 2324 gios,
180 2249 374 2324 nostrosque
392 2245 493 2308 amice
510 2250 542 2308 et
556 2252 674 2328 pacate
689 2247 826 2328 vivatur,
850 2251 883 2309 et
899 2244 1003 2309 altera
1019 2265 1096 2326 pars
1113 2243 1210 2308 alteri

88 2349 158 2430 jure
175 2351 321 2415 amicicie
337 2360 369 2416 et
385 2352 571 2434 vicinitatis,
588 2353 711 2417 auxilio
726 2351 895 2436 favorique
911 2352 953 2416 sit
970 2358 1084 2416 contra
1110 2352 1208 2435 impe·

89 2463 154 2522 tum
171 2465 204 2522 et
220 2459 421 2524 incursiones
438 2457 627 2544 Tarcorum,
642 2467 775 2544 tamque
795 2461 912 2526 Vestro
930 2460 1115 2543 Majestatis
1132 2481 1211 2542 erga

87 2565 248 2647 prelatum
259 2569 419 2653 Bannum,
430 2575 499 2632 turn
510 2569 635 2651 copiam
647 2590 755 2634 rerum
766 2569 967 2650 victualium,
984 2575 1053 2634 tum
1063 2568 1214 2633 munitio-

87 2695 140 2739 nes
150 2675 238 2740 dono
254 2680 288 2739 et
303 2677 408 2758 gratis
423 2675 662 2760 superpeditari
672 2699 691 2742 a
701 2676 900 2744 Rectortbus
913 2677 1033 2742 nostris
1043 2675 1212 2740 Dalmatio

13 2767 15 2782 ’
86 2780 226 2864 fecimus,
244 2781 300 2848 sed
317 2785 385 2866 ipse
402 2785 537 2850 Bannus
554 2807 626 2850 curn
642 2783 775 2850 deberet
792 2786 889 2852 dictis
914 2784 1147 2852 munitionibus
1163 2785 1212 2848 uti

13 2953 15 2980 ᾖ
88 2889 117 2952 in
144 2889 279 2976 Tarcos,
305 2891 524 2975 ingratissime
551 2893 597 2956 eis
613 2914 689 2958 usus
705 2894 804 2959 estin
820 2900 959 2958 nostros,
986 2891 1062 2959 Non
1084 2893 1213 2958 dubita·

87 3018 164 3076 mus,
191 2996 352 3079 quomodo
385 2998 489 3082 Regie
522 2995 719 3065 Celsitudini
745 3001 863 3068 Vestre
888 3022 947 3084 pro
972 3000 1075 3065 multo
1101 3021 1213 3065 amore

13 3145 15 3164 t
86 3113 116 3168 ct
132 3104 350 3170 benivolentia
367 3113 488 3190 nostra,
504 3107 562 3172 hec
579 3129 643 3172 uon
660 3109 775 3192 minua,
794 3129 894 3194 quam
919 3107 1014 3173 nobis
1040 3107 1213 3192 displicere

13 3233 15 3290 ,
86 3213 242 3296 habeant,
259 3215 340 3294 quin
358 3213 400 3277 ab
416 3215 596 3280 intentione
613 3223 645 3280 et
661 3217 769 3281 studio
787 3216 957 3298 utriusque
982 3224 1129 3282 nostrum
1156 3217 1213 3282 ali·

13 3325 14 3376 ἶ
66 3323 237 3388 -euissima
269 3329 354 3388 sunt.
396 3320 486 3407 Quas
518 3323 560 3389 ob
585 3346 638 3390 res
665 3333 791 3390 oratam
826 3325 971 3391 volumus
1002 3324 1213 3409 Majestatem

13 3475 14 3504 2
86 3429 253 3512 Vestram,
279 3437 316 3494 ut
342 3453 401 3514 pro
426 3453 485 3496 sua
508 3430 641 3515 justicia
657 3433 788 3515 placeat
804 3435 992 3517 prospicere
1009 3434 1212 3499 indemnitati

13 3515 15 3596 ἶ
86 3545 270 3603 nostrorum
296 3541 471 3620 hominurn,
499 3547 531 3605 et
556 3547 714 3622 tanquam
739 3548 985 3624 presentaneum
1012 3546 1044 3604 ot
1068 3542 1213 3606 salutare

13 3645 14 3648 ’
86 3647 262 3712 remedium
278 3648 396 3714 harum
413 3648 623 3714 novationum
640 3648 685 3712 sic
701 3649 978 3714 commonefacere
995 3651 1099 3733 ipsum
1126 3648 1213 3715 Bau·

13 3739 34 3782 ⁷
86 3776 160 3819 uum
178 3763 213 3820 et
228 3758 369 3820 severius
380 3757 586 3821 interminari
602 3756 631 3820 ei
642 3755 781 3839 placeat,
797 3764 834 3822 ut
851 3757 980 3822 desinat
997 3757 1039 3822 ab
1056 3756 1165 3841 predis
1181 3766 1214 3823 et

87 3863 221 3945 rapinis
246 3861 337 3928 facta
353 3862 466 3928 debita
491 3863 694 3929 restitutione
721 3885 829 3928 rerum
856 3865 1002 3931 indebite
1019 3866 1215 3947 ablatarum,

13 3957 14 3960 ¹
87 3968 175 4052 quod
192 3969 285 4035 nobis
302 3971 522 4054 gratissimum
539 3973 610 4052 erit,
627 3979 660 4036 et
675 3979 791 4038 nostra
806 3974 955 4038 amicicia
973 3979 1006 4038 et
1031 3974 1215 4037 benivolen-

87 4081 134 4143 tia
151 4079 500 4146 convcnientissimum.
516 4079 685 4146 Mittemus
702 4089 812 4147 autem
830 4084 1066 4166 quamprimum
1089 4083 1131 4146 ad
1152 4082 1214 4145 Re·

87 4189 173 4268 giam
192 4185 424 4252 Oelsitudiuem
441 4209 538 4252 uuum
564 4189 740 4255 Oratorem
767 4198 921 4272 nostrum,
947 4191 1003 4273 qui
1031 4191 1134 4253 latius·
1156 4191 1214 4254 hec

13 4325 15 4368 3
88 4297 199 4360 omnia
214 4297 341 4378 aperiet
358 4294 535 4362 Serenitati
552 4294 679 4362 Vestra

194 4423 350 4484 (Velenczei
363 4425 542 4489 aillamkdnyv
555 4423 756 4475 Deliberationi
770 4427 879 4477 Secrete
893 4426 926 4477 de
940 4427 1043 4477 Senatu
1058 4427 1132 4486 141.)

572 4583 732 4596 *fia-..vn-
