3334 5276
233 303 239 313 ·
367 285 412 346 24
727 301 963 350 urrnounczrsr
980 290 1137 348 nunnnnrr
1262 273 1275 288 '

360 481 419 546 per
434 483 545 528 omnes
558 464 674 530 modus
689 463 799 530 consti
816 483 926 528 sumus
942 464 1084 546 reperire
1101 485 1174 528 cum
1190 465 1330 530 maxima
1356 459 1497 528 difficul·

361 577 431 634 tate
457 571 592 638 ducatos
618 571 654 636 X
672 595 711 637 m.
728 571 967 655 consignandos
983 572 1045 656 ipsi
1063 570 1209 652 Oratori,
1233 571 1489 653 deferendosque

361 680 489 746 neurim
529 687 642 747 nostro
681 666 809 764 prefate
842 680 947 764 Regis
980 679 1162 765 Mujesteli,
1187 702 1285 765 quem
1309 681 1405 762 omni,
1429 701 1490 764 quo

362 809 540 871 possumus,
566 789 672 856 studio
695 790 867 856 hortamur
891 795 923 854 et
938 809 1093 874 rogamus
1118 789 1161 855 ad
1176 789 1347 873 agendum,
1363 811 1492 873 magna·

363 897 449 961 nime
473 903 588 962 contre
605 918 807 964 communem
822 899 960 977 hostem,
977 897 1062 963 sicut
1077 904 1111 962 et
1127 919 1187 965 nos
1203 919 1243 963 ex
1259 899 1363 964 latere
1380 903 1487 962 nostru

364 1006 490 1072 cunctis
506 1006 632 1072 viribus
648 1004 756 1072 fecere
773 1005 948 1071 studemus.

472 1111 508 1178 Si
533 1113 619 1178 forte
645 1113 794 1196 prelatus
822 1112 945 1180 Orator
960 1119 1089 1197 peteret
1103 1113 1272 1179 consilium
1288 1119 1434 1178 nostrum
1448 1131 1489 1175 un

364 1220 513 1304 accipere
529 1220 647 1288 debent
663 1227 696 1287 et
711 1220 840 1286 deleme
855 1221 898 1286 ed
923 1221 1049 1305 Regem
1073 1219 1214 1288 florenos
1239 1220 1276 1286 X
1292 1243 1332 1286 m.
1356 1217 1486 1286 Summo

364 1325 529 1394 Pontifici.
545 1328 796 1412 Respondeatur
813 1329 875 1394 sibi
891 1329 1160 1396 convenientibus
1176 1328 1293 1414 verbis,
1310 1333 1343 1392 et
1358 1326 1488 1394 svedee·

368 1441 431 1514 tur,
448 1433 535 1519 quod
550 1435 750 1508 illossecum
765 1443 899 1520 portare
914 1437 1019 1504 debet

473 1541 516 1627 Ι
565 1549 628 1610 172
675 1580 719 1592 —
766 1552 787 1612 o
833 1581 877 1592 —
924 1551 943 1611 s

475 1665 635 1732 (Velenczei
652 1671 832 1737 slllamlsdnyv
854 1674 925 1734 lot.)

852 1853 1009 1860 -—.-—--——-

909 2089 958 2150 13.

367 2245 468 2310 1466.
480 2249 509 2309 A
521 2246 672 2311 oelenczei
688 2247 909 2314 dllamtondcs
924 2248 1060 2313 Venerio
1076 2249 1217 2313 Ferenoz
1233 2245 1496 2334 maqyororszdpi

451 2355 569 2418 booeto't
585 2355 810 2442 korltlmo'nyes
827 2359 858 2421 o'r
873 2378 970 2441 ppors
978 2357 1154 2441 jelecttoolc
1170 2359 1267 2442 oo'qctt
1284 2353 1414 2440 serpet

367 2527 657 2600 MOOOOLXVI.
674 2533 726 2599 die
744 2534 866 2599 XXII.
882 2533 976 2619 Julij.

477 2637 539 2706 Ser
555 2641 732 2706 Francisco
742 2642 894 2724 Venerio,
904 2643 1049 2722 Oratori,
1059 2643 1093 2706 in
1102 2641 1284 2724 Hungaria.
1320 2714 1325 2722 ,

369 2746 541 2830 Sapientes
552 2746 688 2832 Consilij
701 2757 835 2834 excepto
854 2749 858 2813 Ι
970 2751 1095 2816 Ultime
1112 2749 1224 2814 littere
1247 2753 1354 2812 vestre
1380 2745 1422 2810 ad
1439 2765 1496 2811 nos

369 2853 430 2920 Ser
447 2852 585 2921 Nicolao
602 2855 713 2922 Trono
855 2835 858 2882 Ι
906 2857 1028 2922 fuerint
1068 2857 1133 2922 diei
1170 2855 1277 2921 XIII.
1309 2861 1342 2919 et
1373 2853 1497 2918 XIIII.

349 2959 544 3046 'Sapientes
559 2971 580 3028 t.
597 2963 617 3028 l.
856 2944 859 3039 l
907 2967 1027 3030 mensis
1061 2965 1153 3048 Junij
1186 2965 1346 3048 preteriti,
1378 2962 1496 3046 quibus

370 3093 430 3137 nos
454 3078 551 3153 prout
575 3052 956 3156 opus-luitiesponsum
972 3073 1120 3138 dedimus
1136 3093 1195 3156 per
1218 3072 1349 3136 litteras
1366 3077 1495 3136 nostres

370 3177 434 3244 diei
451 3177 649 3246 XXVIIII.
665 3181 783 3246 mentis
799 3181 946 3264 predicti,
962 3188 996 3246 st
1013 3203 1053 3246 ex
1069 3181 1126 3245 illo
1143 3180 1225 3244 nihil
1241 3180 1381 3263 emplius
1408 3200 1429 3243 a
1445 3199 1496 3242 vo-

371 3285 421 3350 bis
436 3287 619 3354 littererum
637 3289 836 3372 accepimus3
853 3312 956 3373 neque
967 3289 1238 3373 significationem
1250 3307 1382 3371 prorsus
1399 3285 1499 3350 nllcm

371 3394 553 3478 habuimus
569 3403 600 3461 et
616 3399 789 3480 presertim
806 3398 845 3463 de
862 3420 942 3482 pace
958 3419 1030 3463 cum
1048 3397 1156 3462 Turco
1172 3395 1348 3461 tractanda
1364 3399 1397 3468 et
1407 3415 1500 3478 prac-

371 3502 512 3584 ticanda,
538 3525 576 3568 ac
601 3503 641 3569 de
666 3506 912 3588 provisionibus,
935 3526 1017 3590 quas
1033 3505 1114 3571 lacit
1129 3505 1191 3571 iste
1208 3502 1440 3572 screnissimus
1456 3498 1500 3564 D.

372 3609 445 3675 Rex
469 3617 584 3676 contra
608 3611 749 3679 Turcem
765 3635 966 3680 communem
984 3614 1118 3696 hostem,
1135 3634 1231 3697 quam
1249 3633 1317 3676 rem
1333 3610 1500 3681 miremur,

371 3717 603 3801 intelligentes
620 3730 745 3805 quante
761 3744 889 3806 semper
905 3743 974 3788 esse
992 3723 1096 3788 soleat
1120 3719 1269 3786 omnibus
1293 3719 1328 3783 in
1345 3715 1452 3798 rebus,
1468 3722 1501 3779 et

372 3827 408 3890 in
422 3826 462 3909 ijs
477 3828 627 3908 maxime,
644 3851 707 3912 que
724 3830 766 3895 ad
782 3835 902 3895 statum
920 3837 1068 3896 nostrum
1092 3829 1256 3914 pertinent
1281 3824 1454 3908 diligentie
1468 3829 1501 3886 et

372 3935 543 4018 vigilantia
559 3943 683 4016 vestrs3
700 3943 733 4002 et
749 3937 895 4021 prolecto
912 3937 973 4002 hac
989 3936 1177 4002 conditione
1188 3939 1371 4016 temporum
1387 3938 1421 3996 et
1439 3930 1501 3994 hoc

374 4050 462 4108 statu
479 4066 589 4110 rerum
604 4044 761 4112 deberent
771 4046 918 4130 quotidie
929 4045 961 4109 N
964 4046 1050 4129 unoij
1063 4053 1097 4110 et
1107 4042 1287 4126 Tabellarij
1299 4063 1371 4108 cum
1382 4040 1502 4105 littoris

374 4153 488 4218 vestris
504 4153 657 4229 advolare
673 4177 738 4236 nos,
765 4162 964 4238 quapropter
979 4155 1126 4222 volumus
1152 4161 1184 4218 et
1199 4153 1391 4216 mandamns
1407 4148 1501 4215 robis

374 4283 446 4326 cum
472 4269 585 4326 nostro
610 4261 756 4327 Consilio
781 4263 993 4346 Regatorum‚
1018 4269 1178 4346 quotenus
1206 4259 1377 4325 declarare
1404 4256 1498 4322 nobis

374 4391 432 4452 per
445 4369 666 4435 uelocissimos
682 4372 816 4435 nuncios
843 4377 876 4434 et
900 4371 1090 4437 tabellarios
1117 4369 1272 4448 debeatis,
1298 4365 1501 4432 definitive-m

374 4477 624 4560 responsionem,
640 4500 738 4561 quam
754 4478 848 4544 nobis
865 4481 1040 4563 scripsistis
1065 4479 1107 4546 ad
1134 4478 1312 4546 adventum
1336 4476 1498 4541 Reveren-
