3336 5258
652 367 746 458 tois.
1219 365 1286 456 ssi

151 589 269 653 guerre
285 592 342 654 per
358 573 388 637 le
404 593 529 652 tasone,
546 571 604 636 ohe
625 571 899 636 emorevolmente
915 571 1051 654 allegati
1067 593 1140 635 oum
1159 570 1289 664 subjee-

150 699 238 759 gero‚
256 678 315 742 che
325 699 359 743 se
370 701 450 762 pure
460 701 518 762 per
529 678 647 743 oleuno
664 679 788 743 volemo
804 678 1010 762 interponere
1025 679 1056 742 le
1066 683 1159 761 porte
1168 683 1291 750 nostre,

149 786 184 849 le
200 786 454 868 interponionno
465 785 621 869 allapsoe
631 806 689 868 per
699 784 1078 869 posserlequietamente
1088 785 1173 851 sarla
1183 807 1256 850 curn
1266 784 1290 849 li

152 893 231 958 altri
251 892 382 976 Signori
408 900 442 959 et
466 896 628 976 potentati
652 893 803 974 Italieni3
830 894 1048 977 rispondendo
1074 915 1133 978 per
1159 894 1290 958 oonolu·

78 1021 84 1034 ·
153 1001 253 1084 sione,
272 1003 416 1069 dinemo:
441 1003 500 1069 eho
518 1023 643 1086 sempre
659 1023 723 1086 nuy
740 1001 1012 1068 habiamoornuto
1034 1003 1068 1068 le
1093 1023 1183 1086 paee,
1200 1023 1291 1069 come

154 1131 232 1176 cosa
256 1110 529 1176 universelmente
554 1111 635 1175 utile
661 1117 693 1174 et
719 1111 903 1176 necessaria
929 1116 962 1174 et
986 1110 1073 1175 russi
1092 1111 1125 1175 in
1142 1118 1291 1175 eternum

154 1217 351 1283 l’amarerno
368 1225 402 1284 et
418 1240 482 1283 non
506 1217 658 1284 obstante
685 1219 715 1282 le
739 1218 885 1301 predicte
911 1217 1029 1302 injurie
1048 1226 1082 1284 et
1099 1219 1291 1300 gravissime

155 1323 340 1398 offensione,
352 1329 456 1392 sisino
466 1328 610 1391 contenti
627 1325 696 1390 fore
713 1327 788 1408 ogni
806 1346 882 1391 cosa
899 1327 1109 1392 conveniente
1123 1326 1178 1392 del
1195 1333 1292 1392 canto

158 1443 268 1502 nostro
284 1459 342 1521 per
359 1437 480 1503 everto.
496 1439 543 1502 Et
559 1459 599 1501 ex
615 1458 700 1501 nune
716 1436 846 1519 quando
864 1457 904 1501 ne
924 1438 974 1502 sio
990 1437 1157 1502 restituite
1175 1433 1294 1501 Genua

159 1551 192 1609 et
208 1544 339 1612 Savona
355 1568 426 1611 cum
443 1547 474 1610 le
491 1545 574 1610 altre
590 1551 676 1608 terre
693 1544 746 1610 del
760 1543 905 1608 Zenoese
922 1546 955 1609 in
974 1545 1007 1609 la
1022 1547 1164 1628 pristino
1179 1549 1294 1610 nostro

156 1653 353 1735 obedientie,
378 1659 412 1718 et
437 1652 479 1717 ad
505 1651 636 1735 Signori
661 1652 845 1716 uiorensni
873 1652 966 1716 siano
991 1654 1155 1717 restituite
1180 1653 1211 1717 le
1237 1674 1294 1716 sne

156 1770 244 1826 terre
260 1783 352 1826 eonio
368 1760 411 1824 nd
427 1761 547 1842 debito,
564 1782 598 1823 oe
615 1758 761 1824 offerinro
785 1766 1030 1843 promtsmente
1046 1761 1178 1826 insieme
1204 1761 1245 1824 ad
1261 1759 1296 1824 lo

158 1870 388 1935 Illustrissima
414 1868 567 1953 Signorio
591 1869 631 1932 de
647 1867 788 1937 Venetia
813 1877 847 1934 et
875 1869 1032 1934 idn-celse
1047 1868 1232 1952 Republica
1255 1866 1295 1932 de

157 1978 320 2042 Fiorenna
351 1981 383 2040 et
415 1975 645 2042 Illustrissimo
678 1976 798 2058 Signor
822 1976 916 2041 Duco
946 1973 980 2040 di
1005 1977 1160 2053 Ferrato,
1190 1975 1296 2042 nostri

160 2085 253 2168 digni
270 2084 480 2166 confederati,
491 2085 533 2150 od
549 2105 643 2149 omno
659 2085 807 2166 honesto,
818 2084 906 2148 bono
922 2090 955 2148 et
970 2085 1048 2149 liele
1064 2105 1153 2167 paee,
1166 2090 1199 2147 et
1215 2081 1297 2147 ulte-

160 2195 228 2258 rius
245 2191 474 2276 disponendosi
501 2193 555 2276 poi
579 2191 603 2256 li
630 2193 708 2256 altri
726 2191 860 2272 Signori
888 2197 921 2255 et
936 2193 1097 2275 potentoti
1114 2188 1297 2255 Christiani

160 2301 203 2366 od
230 2299 360 2364 obviare
386 2299 444 2364 ulli
469 2300 595 2382 impetti
622 2300 675 2364 del
692 2299 810 2378 Turro,
837 2319 928 2363 corno
954 2299 985 2363 el
1011 2299 1146 2380 bisogno
1172 2300 1295 2362 rioeroe

161 2431 222 2492 per
237 2409 270 2474 la
288 2413 362 2472 rato
378 2413 499 2487 nostro,
510 2407 632 2472 faremo
649 2413 912 2491 promptumente
930 2406 973 2472 od
989 2405 1059 2471 iore
1075 2407 1208 2472 insieme
1224 2427 1296 2470 oum

161 2515 185 2580 li
201 2514 420 2579 Illustrissimi
438 2520 471 2578 et
487 2514 619 2578 Exoelsi
645 2515 818 2597 compagni
845 2515 947 2578 nostri
968 2515 999 2578 le
1015 2515 1198 2598 provisione
1224 2535 1297 2578 oon·

162 2624 304 2689 venienti
328 2621 370 2688 od
387 2621 451 2686 tale
478 2621 611 2702 effeoto;
639 2629 671 2687 et
697 2643 731 2688 so
759 2643 869 2706 opero,
894 2642 928 2686 se
951 2621 1035 2687 fatie
1050 2644 1109 2705 por
1124 2621 1154 2686 el
1170 2622 1297 2705 prefato

162 2738 271 2798 rostro
296 2730 347 2795 Ro
373 2729 415 2794 ad
441 2729 667 2812 pacificatione
693 2729 896 2794 l’haveremo
923 2729 1158 2811 acceptissima.
1187 2729 1234 2794 Et
1257 2729 1297 2793 de

164 2845 280 2924 questu
312 2843 425 2902 nostra
456 2837 668 2920 dispositione
700 2843 850 2902 emente
884 2857 948 2920 puo
980 2859 1066 2900 esser
1097 2837 1206 2902 sicura
1232 2835 1300 2901 Sua

164 2947 310 3026 Maesta,
327 2945 394 3010 nlla
410 2945 506 3028 quale
532 2967 567 3010 ce
593 2945 749 3010 offerireti
776 2953 808 3011 et
834 2945 1100 3024 rioomsndsreti‚
1116 2966 1208 3010 como
1232 2966 1301 3010 oor·

164 3053 249 3120 diali
267 3051 334 3118 fioli
352 3059 385 3117 et
402 3054 469 3117 veri
485 3053 590 3118 amici.

273 3159 398 3226 Datum
415 3160 593 3226 Mediolani
611 3160 674 3225 Die
693 3161 797 3226 XXI.
814 3159 1010 3226 Novembris
1032 3163 1124 3226 1478.

274 3325 398 3387 (Milonoi
410 3325 572 3384 eltamlttr).

656 3431 815 3440 ···---—.-a

704 3669 778 3728 260.

171 3849 265 3912 1478.
283 3846 403 3934 AJonz
419 3845 583 3910 cndudridi
600 3848 727 3932 derczoq
744 3844 839 3910 ledele
856 3848 986 3930 Mdtyu's
1003 3843 1174 3930 kirolytoz
1189 3870 1210 3908 u
1227 3845 1306 3909 levo·

452 3954 493 4018 let
509 3955 679 4018 dtuddoak
698 3955 915 4038 moydizota'sa
933 3955 1032 4017 ira'nt.

277 4131 488 4198 Serenissime
514 4133 586 4198 Rex
612 4138 645 4197 et
671 4131 800 4196 domine
818 4129 968 4213 Oognete
987 4137 1019 4195 et
1036 4137 1193 4212 tunquam
1209 4134 1304 4214 poter

168 4239 458 4304 honorandissime.
474 4239 651 4322 Magnifice
677 4239 774 4304 militi
800 4237 920 4305 Garsio
937 4237 1038 4303 Betes
1070 4236 1212 4302 delatori
1235 4259 1310 4320 pre·

169 4347 308 4412 sentium
341 4346 498 4411 nonnulla
524 4345 695 4411 Maiestuti
723 4347 847 4415 Vestre
877 4345 1051 4411 referendo
1081 4365 1153 4409 meo
1177 4345 1309 4408 nomine

168 4453 325 4532 commisi,
343 4475 415 4518 oum
440 4453 482 4518 ob
508 4475 577 4518 rom
604 4455 741 4519 eundern
760 4455 915 4521 Vestram
932 4453 1152 4532 Maiestatem
1168 4472 1248 4535 rogo
1273 4459 1309 4517 ut

170 4564 325 4645 dignetur
341 4561 375 4624 in
392 4564 525 4642 eunetis,
550 4583 613 4643 que
638 4563 768 4644 referet,
793 4564 856 4646 ipsi
874 4557 1187 4626 eundem'ndhibere
1213 4559 1308 4628 fidem

221 4697 287 4733 ΠΟὶΙ.
303 4695 386 4732 EUHG·
400 4697 467 4734 ΙΙΒΤ.
484 4703 528 4716 “··
545 4695 613 4733 ACTA
628 4700 688 4734 m·
706 4699 732 4736 V·
1168 4672 1202 4718 ²5
