3356 5266
690 369 785 430 1469.
1242 378 1309 440 143

168 541 283 616 postea
310 535 380 602 fieri
405 538 516 624 aliqua
541 544 749 610 accomodata
781 547 942 629 provisi0;
974 567 1072 632 super
1102 549 1163 614 hac
1195 553 1305 638 itaque

168 647 264 724 parte
281 642 364 709 nihil
381 645 474 710 nobis
490 647 581 714 aliud
608 671 667 734 pro
694 655 836 735 presenti
862 654 921 718 tibi
946 656 1151 722 scribendum
1170 659 1306 739 videtur,

170 749 232 814 nisi
249 757 425 834 expectare
442 761 474 820 et
490 756 685 840 intelligere,
701 782 763 843 que
779 761 920 844 provisio
936 785 995 846 per
1020 763 1120 831 Suam
1147 767 1304 844 Maiesta-

168 862 236 920 tem
252 880 325 922 cunr
342 858 529 929 Serenitate
544 865 646 948 ipsius
656 866 759 950 Regis
775 869 846 933 lieri
856 865 1039 936 deliberata
1050 874 1130 952 erit3
1147 875 1188 939 ad
1205 896 1323 957 quarn¹

169 965 301 1046 quidem
319 975 446 1050 partem
464 970 578 1038 habita
596 975 716 1040 noticia
733 975 773 1040 de
800 976 959 1060 ejusmodi
975 979 1217 1061 deliberatione,
1241 983 1303 1048 tibi

168 1075 445 1158 respondebimus,
461 1088 495 1146 et
508 1080 592 1147 alias
609 1103 670 1164 res,
695 1106 758 1167 que
784 1084 879 1151 nobis
903 1089 1142 1171 responsionem
1157 1090 1303 1174 indigere

170 1182 378 1268 ridebuntur,
395 1194 540 1254 nostram
557 1189 797 1257 declarabimus
812 1195 1034 1261 intentionem.
1051 1195 1095 1260 Et
1111 1203 1172 1262 ect.

281 1291 323 1375 ΔΓ
373 1299 434 1359 137
483 1338 526 1346 -
572 1305 592 1364 e
640 1335 683 1346 -
729 1303 759 1366 4.

279 1456 433 1516 (Velenczei
443 1460 622 1526 dllamkbnyv
637 1467 678 1514 55.
695 1465 725 1524 l.)

666 1643 818 1651 *—

709 1891 761 1953 95.

171 2067 269 2130 1469.
285 2068 315 2131 A
332 2068 484 2132 veleneaci
496 2069 717 2134 dilamtaactca
729 2070 845 2136 Laudo
855 2071 973 2158 Alajoa
989 2072 1107 2138 teverti
1123 2097 1163 2138 aa
1183 2073 1301 2159 thiild

168 2171 393 2259 (novaram)
409 2175 609 2260 cajddjdboa
624 2202 646 2242 a
662 2179 806 2243 ruratica
822 2181 930 2244 tervelt
948 2181 1109 2246 hebetata
1131 2182 1301 2266 megkiadr-

167 2282 268 2346 tertre
293 2285 456 2348 utaaitanr'
489 2286 723 2366 azrindtlcozott,
748 2288 787 2351 de
811 2313 833 2352 a
858 2289 1001 2352 aiderben
1032 2312 1099 2353 nem
1127 2291 1250 2367 baudo,
1276 2313 1296 2352 a

515 2394 723 2478 mepbizatdet
729 2391 955 2482 falfiippcaztd.

169 2551 233 2618 Die
253 2555 302 2618 17.
320 2549 472 2618 Octobris
492 2555 587 2618 1469.

167 2665 187 2723 6
205 2661 378 2744 Sapientes
396 2657 533 2746 Oonsilij
699 2664 835 2732 Electus
860 2663 923 2730 fuit
939 2664 1158 2750 superioribus
1183 2663 1297 2730 diebus

168 2770 187 2830 3
282 2793 298 2828 a
391 2767 451 2834 tf.
655 2771 785 2839 Nobilis
811 2772 871 2841 Vir
894 2774 1049 2858 Aloysius
1074 2772 1191 2840 Laudo
1217 2769 1298 2839 Ora·

170 2881 184 2939 l
281 2899 297 2934 a
390 2873 549 2942 Ordinum
581 2871 584 2878 '
654 2885 706 2945 tor
721 2886 833 2948 noster
849 2880 892 2947 ad
908 2879 1298 2964 Vayvodamterrenore,

166 2971 199 3050 et
217 3007 282 3050 non
300 2988 343 3050 sit
368 2971 641 3068 negligenda-'via
666 2987 788 3070 aliqua,
814 3009 877 3071 que
902 3001 963 3054 nos
986 2989 1103 3054 ducere
1128 2989 1231 3073 possit
1255 2989 1298 3055 ad

164 3115 278 3177 pacem
296 3115 368 3159 cum
388 3091 503 3176 Turco,
527 3093 697 3162 deficiente
716 3097 868 3180 precipue
893 3097 945 3162 via
969 3095 1100 3176 hebrei3
1125 3098 1182 3181 qui
1205 3095 1297 3180 jussu

164 3208 278 3268 nostro
296 3202 338 3268 ad
355 3204 462 3286 ipsum
479 3201 519 3268 D.
536 3202 679 3270 'Purcum
695 3204 969 3288 proficiscebatur,
989 3211 1026 3270 ut
1050 3205 1221 3270 habiturus
1238 3211 1296 3268 est.

163 3310 269 3378 Vadit
294 3333 388 3395 pars:
415 3311 513 3396 Quod
537 3311 621 3377 idem
649 3311 770 3378 Orator
794 3315 987 3398 expediatur
1012 3320 1136 3398 quanto
1160 3313 1297 3378 celerius

160 3419 233 3484 fieri
249 3423 358 3503 potest
374 3443 446 3486 curn
462 3441 501 3486 ea
518 3421 752 3503 commissione,
763 3443 827 3506 que
843 3422 907 3490 sibi
922 3422 1057 3489 dabitur
1072 3444 1130 3506 per
1140 3421 1201 3486 hoc
1212 3421 1296 3488 Con·

160 3526 279 3592 silium.

269 3687 320 3756 De
335 3698 430 3776 parte
454 3693 505 3757 51.

161 3793 544 3905 3SapientesOonsilij}
593 3797 768 3886 Cognitum
795 3809 846 3868 cst
870 3823 929 3887 per
954 3801 1058 3888 ipsam
1075 3823 1184 3870 rerum
1201 3821 1295 3887 expe·

159 3893 428 3992 mantiam-quod
438 3895 565 3992 buente
581 3909 685 3993 major
702 3907 939 3976 demonstratio
955 3910 992 3976 fit
1012 3911 1165 3997 desiderij
1193 3912 1295 3996 pacis,

158 4020 253 4081 tanto
270 4018 376 4100 magis
393 4015 607 4083 difficultatur
623 4017 697 4100 ipsa
721 4039 794 4101 pax,
820 4024 854 4083 et
877 4019 1048 4102 presertim
1074 4040 1145 4084 cum
1167 4018 1292 4098 Turcis,

158 4125 218 4207 qui
235 4125 429 4190 astutissimi
456 4133 540 4206 sunt,
565 4130 599 4190 et
624 4125 712 4209 pleni
737 4125 899 4209 superbia,
925 4134 959 4192 et
984 4128 1195 4206 continentia,
1221 4147 1293 4192 cum
1363 4137 1366 4144 ’

159 4234 277 4316 quibus
294 4234 397 4299 omnis
413 4239 575 4300 tractatus
591 4235 682 4317 pacis
698 4255 755 4318 per
775 4235 920 4319 elapsum
945 4236 1098 4302 turbatus
1123 4241 1155 4299 et
1180 4236 1292 4300 irritus

157 4348 264 4424 factus
276 4349 336 4421 est,
346 4343 445 4407 nimia
461 4341 667 4409 affectatione
684 4349 718 4406 et
733 4344 1010 4410 demonstratione
1028 4344 1116 4434 lacta
1131 4365 1170 4408 ex
1186 4343 1290 4407 latere

157 4455 290 4530 nostro;
307 4457 481 4534 propterea
498 4451 648 4517 habenda
664 4459 714 4517 est
739 4455 914 4536 singularis
939 4453 1119 4536 diligentia,
1144 4459 1181 4517 ut
1196 4472 1290 4535 prac-

156 4559 222 4624 tica
246 4557 330 4623 inita
354 4579 412 4644 per
436 4558 657 4644 Capitaneum
681 4567 831 4626 nostrum
856 4561 1041 4645 generalem
1065 4583 1138 4626 cum
1168 4577 1288 4644 magna
