3334 5276
684 773 736 834 la.
802 805 807 816 ·

143 958 241 1022 1466.
257 953 288 1018 A
304 952 458 1018 vdeuezei
473 951 692 1016 dllamtaadcs
707 948 800 1013 leoele
819 947 977 1014 Marcello
992 947 1103 1014 Jatat
1118 949 1274 1035 Spalatoi

140 1063 371 1147 kapitduyboz,
386 1059 527 1145 molybas
544 1083 565 1122 a
581 1079 722 1144 mappas·
738 1058 907 1142 barloco-eq,
932 1058 964 1121 ts
987 1081 1026 1120 az
1043 1066 1155 1144 ozueqy
1172 1058 1276 1123 huone

350 1169 536 1252 irduydbaa
552 1167 722 1234 torereudt
737 1166 915 1249 elja'rdardl
934 1166 1065 1230 ancelli.

141 1358 430 1432 MOOOOLXVI.
446 1362 500 1429 die
516 1361 642 1428 XXII.
659 1361 868 1445 Septembris.

375 1488 436 1556 Ser
452 1487 477 1554 J
479 1487 580 1554 acobo
596 1487 755 1556 Marcello
773 1487 895 1554 Oomiti
911 1487 1045 1574 Spoleti.

142 1597 204 1663 Ser
220 1593 375 1662 Andreas
391 1593 595 1664 Vendramin
613 1595 709 1662 (lons.

139 1704 313 1788 Sapientes
330 1702 464 1787 Consilij
566 1703 752 1771 Habuimus
768 1705 883 1771 literas
909 1712 1035 1772 vestras
1061 1705 1127 1772 diei
1150 1702 1275 1771 XIIII.

211 1837 227 1870 ›
294 1818 318 1879 t.
333 1809 354 1877 l.
521 1813 686 1894 instantis,
712 1813 830 1896 quibus
849 1815 1023 1880 adveutum
1049 1817 1193 1898 gentium
1211 1814 1276 1880 Re-

98 1961 103 1965 -
209 1945 225 1978 ›
294 1917 454 1984 Ordinum
522 1922 571 2004 gis
588 1920 761 2006 Hungarie
787 1922 829 1988 ad
855 1922 930 1988 illas
954 1928 1075 2006 partes,
1100 1928 1133 1988 et
1149 1945 1196 2001 ea,
1212 1943 1275 2006 qne

74 2103 78 2112 ⁴
138 2013 286 2111 egerunt,
302 2049 463 2111 agereque
489 2035 602 2094 contra
620 2029 790 2094 castellum
811 2028 904 2112 Olisij
931 2029 1089 2111 nituntur,
1115 2035 1149 2095 at
1174 2051 1273 2112 quan-

138 2143 208 2202 tum
227 2157 282 2200 vos
307 2135 438 2217 lecistis,
463 2136 561 2218 plane
586 2136 822 2204 intelleximus:
847 2143 880 2201 et
904 2136 1112 2220 prudentiam
1135 2145 1276 2203 vestram

20 2289 34 2306 a
137 2244 409 2325 commendamus,
424 2265 483 2308 nec
508 2244 597 2310 aliud
624 2245 733 2311 dicere
761 2245 849 2311 circa
864 2266 966 2330 saque
981 2245 1144 2312 Banuisse
1160 2252 1274 2310 contu·
1320 2289 1324 2296 -

138 2352 234 2434 listis,
251 2373 380 2417 necesse
397 2359 455 2418 est.
471 2351 596 2420 Verum
622 2353 768 2419 volumus
794 2360 826 2420 et
850 2355 940 2420 robis
965 2376 1038 2421 eum
1064 2361 1175 2420 nostro
1191 2353 1276 2419 Oon-

139 2462 215 2525 silio
232 2461 435 2543 Rogatorum
453 2460 659 2558 mandamus,
686 2463 772 2546 quod
796 2463 995 2546 inposterum
1021 2462 1214 2530 abstineatis
1231 2461 1273 2526 ab

12 2605 15 2608 -
140 2569 230 2632 omni
247 2566 391 2634 subsidio
408 2575 441 2634 et
457 2568 566 2636 favore
583 2568 631 2634 illi
647 2571 836 2653 prestando.

253 2693 304 2758 De
335 2695 547 2778 responsione
572 2695 660 2761 facta
684 2717 741 2780 per
766 2718 822 2762 uros
848 2705 881 2764 et
905 2698 1043 2763 honesto
1067 2697 1275 2764 excusatione

138 2803 207 2867 illis
224 2802 413 2886 Capitoneis
429 2804 575 2886 gentium
603 2803 868 2888 Hungaricarum
894 2805 937 2870 ad
963 2826 1071 2871 eornm
1090 2805 1276 2888 requisitio·

138 2932 215 2975 nem
232 2911 404 2993 pulverum
420 2916 452 2976 et
468 2912 758 2996 sagitamentorum
775 2935 833 2996 per
849 2912 931 2978 alias
947 2919 1071 2980 vestras
1090 2912 1155 2978 diei
1177 2909 1276 2980 XVI.

140 3021 357 3084 remansimus
373 3019 538 3085 informati
551 3043 558 3101 ;
574 3027 607 3086 et
623 3021 798 3104 plurimum
815 3022 910 3088 nobis
925 3021 1058 3105 placuit,
1069 3021 1179 3104 sicque
1191 3021 1277 3086 rolu-

140 3147 223 3208 mns,
240 3132 276 3190 ut
306 3127 517 3209 perseveretis
552 3133 584 3191 et
616 3129 813 3194 continuetis
844 3127 1027 3194 excusando
1058 3150 1122 3209 vos,
1153 3134 1189 3192 ut
1209 3127 1277 3210 jam

143 3232 278 3297 lecistis.

250 3337 302 3406 De
317 3341 515 3408 victualibus
531 3363 606 3408 vcro
622 3365 682 3428 pro
698 3365 810 3410 eorum
826 3345 972 3429 pecunijs
989 3343 1157 3410 cummodo
1180 3343 1277 3409 dene-

139 3469 220 3532 gare
245 3448 320 3515 illas
345 3472 450 3534 neque
475 3450 645 3518 honestum
662 3473 767 3536 neque
793 3453 876 3519 bene
901 3459 1007 3518 tutum
1034 3459 1183 3537 apparet,
1213 3453 1278 3516 illis
1402 3447 1410 3460 ’
1509 3444 1512 3458 “

141 3557 366 3640 consentiatis,
383 3565 421 3623 ut
436 3557 579 3626 habeant
595 3561 644 3626 ita
666 3560 809 3627 modeste
835 3567 869 3625 et
893 3567 1084 3645 temperate,
1109 3567 1144 3625 ul
1161 3561 1278 3632 civitas

139 3665 208 3730 ista
224 3671 336 3731 nostra
351 3687 415 3732 non
432 3667 612 3750 affametur,
638 3674 671 3735 et
687 3675 800 3752 gentes
816 3669 884 3753 ipse
901 3691 1032 3735 causam
1052 3691 1116 3734 non
1132 3653 1278 3734 habeant

141 3771 326 3866 offendendi
343 3773 490 3840 subditos
507 3783 654 3855 nostros3
679 3778 761 3842 etin
788 3777 938 3843 omnibus
954 3777 1199 3844 dissimulanter
1222 3799 1279 3843 vos

140 3883 266 3964 geratis
282 3884 340 3965 ite,
356 3889 392 3948 ut
418 3885 451 3948 in
476 3906 604 3950 omnem
630 3892 789 3969 eventum,
815 3886 1028 3970 quodcunque
1052 3886 1280 3952 inconveniens

144 3989 320 4074 declinare,
336 3993 476 4074 possitis.

252 4099 392 4168 Galeam
418 4123 518 4186 supra
554 4104 670 4168 comite
697 4125 749 4169 ser
773 4104 904 4170 Joanne
929 4102 1088 4170 Marcello
1114 4103 1275 4168 mittimus

140 4228 254 4280 versus
271 4207 346 4272 illas
362 4216 473 4292 partes
490 4216 574 4276 utet
590 4207 761 4294 Spalatum
777 4219 809 4278 et
825 4211 1022 4295 Tragurium
1049 4211 1174 4290 visitet3
1202 4214 1279 4273 stet·

142 4335 206 4398 qns
222 4316 420 4399 inpartibus
446 4319 525 4400 ipsis
550 4340 610 4401 pro
636 4319 818 4386 hortamine
845 4327 880 4386 et
895 4320 1001 4385 tutela
1025 4339 1134 4386 rerum
1150 4323 1277 4382 nostra·

143 4443 226 4503 rum,
241 4422 345 4489 donec
360 4431 477 4507 gentes
493 4427 562 4510 ipse
579 4426 764 4493 illiserunt.

251 4549 302 4614 De
317 4558 413 4634 parte
438 4555 490 4617 33.
