3356 5266
657 386 750 446 1468.
1229 386 1264 443 81

140 560 264 628 adriso.
281 559 315 627 A
334 561 457 630 Vostra
475 561 706 626 Illustrissima
723 558 940 644 Signoriame
951 561 1151 626 ricomando.
1167 559 1274 645 Vene-

146 671 194 734 tia
211 668 264 735 die
281 666 438 738 XXVII.
453 669 570 752 Martij
591 673 686 734 1468.

193 777 233 843 Ε.
249 775 290 846 V.
308 777 361 842 Ill.
379 777 459 844 Exe.
861 774 1069 842 fidelissimus
1086 775 1235 842 Servitor

865 881 1037 950 Gerardus
1054 881 1094 947 de
1112 883 1223 952 Collis.

255 993 484 1060 Illustrissimo
510 993 657 1076 Principi
692 1015 731 1057 ao
758 993 1042 1058 Excellentissimo
1068 992 1210 1058 Domino
1236 993 1277 1058 D.

147 1102 276 1168 Galeaz
292 1102 400 1166 blarie
417 1100 539 1167 Slortie
557 1100 761 1182 Vioeoomiti,
786 1102 870 1166 Duoi
888 1102 1070 1166 Mediolani
1088 1109 1147 1166 etc.

256 1267 383 1327 (Milanoi
398 1267 482 1317 tllam
496 1264 572 1329 lter).

659 1693 663 1700 ’
688 1700 741 1761 48.

153 1883 249 1944 1468.
267 1883 295 1944 Λ
316 1879 468 1944 eelenczei
483 1879 705 1942 (illuminantes
724 1879 831 1942 Diedo
851 1879 987 1942 l'erenoz
1004 1881 1282 1966 nifrtpynrorszttpi

148 1990 253 2053 letinae
278 1989 360 2052 (iltol
385 1987 510 2070 attracti
534 2013 554 2050 n
581 2011 719 2073 mappae
743 1989 870 2072 leb-obp
898 2013 919 2051 o
949 1989 1090 2052 tortilrlcel
1114 1989 1189 2052 volti
1206 1989 1279 2051 be'lce

148 2097 366 2182 mefflciiteioe'ra
382 2095 500 2179 melyro
516 2097 621 2159 antrat]
638 2095 904 2178 bnjlnaslobbnub·
921 2097 985 2158 otte·
1002 2121 1022 2159 n
1034 2099 1163 2173 rui-obul,
1180 2096 1276 2159 mtiuel

236 2205 382 2270 Veleneze
399 2227 438 2266 aa
453 2203 792 2288 oloszfep'edelmeklsel
809 2209 881 2267 anzir
897 2209 1078 2290 eyyezseiqre
1097 2206 1199 2290 lefpett.

152 2397 479 2466 MCOOOLXVIH.
497 2401 549 2464 die
569 2399 612 2464 lI.
629 2401 718 2484 May.

259 2507 320 2573 Ser
335 2509 512 2574 Franciseo
528 2507 635 2572 Dieun
646 2509 792 2590 Doctori,
805 2509 938 2576 Oratori
956 2515 1068 2573 nostro
1081 2509 1122 2573 ael
1135 2507 1281 2572 Serenia-

149 2619 265 2682 simum
281 2616 458 2683 Dominum
474 2619 599 2702 Regem
616 2617 798 2700 Hungarie.

151 2723 326 2808 Sapientes
342 2724 477 2806 Consilij
505 2731 537 2792 et
700 2727 752 2790 Ex
777 2726 881 2790 literis
907 2727 1022 2791 vestris
1049 2724 1283 2814 intelleximus

244 2859 259 2890 ›
288 2873 292 2880 ·
345 2832 405 2898 af.
637 2855 828 2918 ‹lueeuuque
859 2834 901 2899 ad
940 2856 998 2898 nos
1030 2836 1209 2917 scripsistis
1241 2834 1281 2896 (lo

150 2923 363 3024 eupolini
381 2925 519 3024 tempus
545 2927 584 3006 (le
610 2941 706 3006 rebus
732 2943 851 3008 seeutis
876 2951 906 3008 et
933 2944 1124 3025 proclinatis
1150 2943 1231 3007 istie.
1250 2951 1281 3005 et

150 3050 322 3132 presertim
337 3050 425 3115 cirea
441 3051 608 3132 negotium
626 3050 824 3115 indutiarum
851 3073 924 3116 eum
951 3051 1146 3116 Oratoribus
1173 3049 1293 3114 Turni„

150 3178 212 3239 pro
227 3155 405 3240 Majestate
422 3157 483 3222 ista
500 3158 610 3236 Ragia
627 3166 659 3222 ot
678 3159 779 3223 nobis.
806 3159 851 3223 Et
876 3159 1018 3242 qualiter
1043 3159 1190 3242 practica
1215 3159 1280 3222 ista

149 3284 217 3328 nou
233 3263 393 3329 habuerat
409 3263 568 3343 effectum,
596 3265 706 3330 sedeo
724 3274 855 3330 rentum
873 3273 953 3344 erat,
980 3272 1016 3330 ut
1043 3263 1188 3330 Nuntius
1215 3266 1279 3330 Re·

150 3371 224 3454 gius
240 3371 304 3436 iret
322 3371 364 3435 ad
379 3379 508 3455 portam
526 3371 634 3454 Turci,
645 3379 677 3436 et
689 3373 728 3436 (le
740 3394 890 3436 successu
906 3373 953 3436 rei
970 3371 1103 3437 daretur
1115 3371 1207 3436 nobis
1224 3393 1280 3436 uo·

148 3479 237 3561 tieia,
247 3485 279 3544 et
289 3481 338 3544 ita
354 3480 387 3544 in
404 3481 631 3563 expectatione
643 3503 754 3546 sumus
765 3480 979 3563 intelligendi,
990 3481 1067 3563 quid
1078 3488 1186 3545 aetum
1205 3483 1277 3546 erit.

148 3587 220 3652 Nos
237 3608 321 3670 vero,
337 3594 373 3650 ut
389 3590 446 3672 qui
463 3589 503 3654 de
520 3588 668 3654 omnibus
685 3591 840 3672 practicis
866 3591 990 3654 nostris
1011 3591 1166 3653 continue
1183 3589 1281 3654 uolui-

149 3718 232 3777 mus,
252 3705 287 3760 ut
313 3697 420 3778 Regia
436 3694 602 3761 Celsitmlo
620 3696 712 3762 lieret
729 3698 865 3778 certium
883 3706 995 3762 uotum
1013 3697 1105 3762 robis
1132 3697 1281 3776 facimus,

150 3805 240 3888 quod
257 3807 323 3870 iam
340 3806 489 3888 temptati
505 3804 678 3869 fuissemus
695 3828 753 3888 per
770 3807 829 3869 bos
840 3827 967 3870 menses
983 3807 1146 3889 proximos
1157 3805 1198 3870 ab
1214 3807 1285 3889 ipso

152 3913 375 3996 Tmoo‚va1·ijs
385 3913 453 3996 rijs,
464 3919 495 3977 ot
507 3915 677 3995 presertim
687 3935 746 3996 por
756 3912 911 3978 Alexium
924 3913 1069 3996 Spanum
1077 3934 1115 3977 ex
1126 3913 1284 3992 Albania,

150 4027 188 4084 ut
206 4021 428 4086 deveniremus
446 4021 487 4085 ud
504 4028 683 4086 tractatum
700 4023 799 4104 pacis,
817 4041 873 4085 seu
899 4021 1116 4099 indutiarum3
1149 4029 1181 4085 et
1208 4043 1281 4086 oon·

151 4127 372 4193 siderantibus
389 4128 491 4208 nobis,
507 4129 548 4192 ob
566 4129 769 4193 conditiones
788 4129 886 4193 Italie
904 4150 941 4193 ac
958 4151 1066 4194 rerum
1093 4128 1285 4192 christiana·

151 4259 234 4318 rum,
261 4259 318 4301 nos
348 4238 434 4303 solos
461 4258 538 4318 esse,
565 4237 695 4301 insimul
721 4258 794 4300 eum
819 4237 882 4301 ista
899 4235 1005 4316 Regia
1022 4237 1209 4321 Maiestate.
1227 4238 1283 4318 qui

151 4345 394 4411 sustinebamus
420 4346 482 4408 rim
510 4367 645 4427 omnem,
672 4354 702 4410 et
731 4345 846 4410 molem
872 4353 940 4410 tam
972 4346 1158 4427 gravissimi
1191 4345 1278 4426 belli,

152 4455 374 4536 quinquennio
382 4456 447 4536 jam
460 4453 570 4538 elapso
582 4462 615 4518 nt
625 4453 724 4535 ultra,
735 4455 837 4520 visum
848 4454 908 4518 luit
919 4474 981 4518 non
994 4454 1162 4537 negligere
1172 4451 1280 4538 hujus·

151 4565 240 4630 modi
256 4564 509 4647 requisitionem,
526 4565 582 4630 soil
600 4565 727 4628 mittere
750 4563 903 4629 Nobilem
928 4561 1046 4630 Virum
1072 4565 1282 4629 leonardum

200 4701 262 4737 unx.
280 4701 361 4738 uitro.
377 4701 442 4737 mer.
460 4709 504 4722 --
520 4702 589 4736 auru
607 4704 665 4737 uxr.
685 4704 711 4736 r.
1164 4679 1178 4722 θ
