3336 5252
648 701 722 766 198.

7 847 9 886 i
118 863 211 928 1475.
231 860 275 928 Aa
292 863 362 947 egri
373 863 565 947 pdspbknek
591 864 767 929 Badoario
785 865 949 952 Sebestydn
972 868 1125 933 velenczei
1143 871 1246 936 tonet-

252 972 304 1033 bez
320 971 448 1036 inte‘actt
464 971 558 1036 levale
572 996 593 1035 α
610 973 700 1036 tarot
715 973 808 1037 aldeni
824 976 982 1060 bodjdrat
998 976 1100 1040 indier.

7 1211 8 1218 ἵ
218 1130 413 1214 Exemplum
431 1131 602 1197 literarum
619 1131 894 1200 Reverendissimi
911 1133 1046 1200 Domini
1063 1135 1245 1220 Agriensis,

112 1237 230 1322 Legati
247 1237 431 1322 Apostolici
447 1245 507 1306 etc.

7 1423 8 1430 ἵ
217 1347 397 1430 Magnifice
421 1346 493 1431 Vir,
519 1348 661 1414 Domine
686 1357 719 1414 et
744 1351 847 1416 amice
873 1350 1071 1417 honorande.
1097 1351 1245 1419 Salutem

7 1503 9 1526 ,
110 1454 293 1538 plurimam.
309 1457 567 1522 Ferventissimo
584 1459 693 1523 animo
709 1479 837 1542 semper
847 1459 963 1525 scribit
973 1458 1098 1526 Vostra
1116 1462 1245 1547 hlagni-

111 1561 250 1647 ficentia,
280 1572 439 1648 tanquam
471 1564 538 1648 illa,
564 1588 625 1649 que
651 1565 735 1632 zelat
759 1567 915 1633 honorem
941 1565 1006 1632 Dei
1032 1575 1065 1634 et
1096 1569 1243 1636 Catolice

111 1671 185 1738 fidei
202 1672 432 1758 defensionem,
447 1675 597 1759 interque
613 1675 810 1741 hortandum
826 1679 916 1761 cupit
932 1699 1124 1762 progressus
1137 1680 1244 1762 regios

110 1781 305 1865 intelligere.
322 1779 426 1848 Addit
441 1783 538 1848 etiam
564 1783 707 1849 calcaria
734 1791 848 1868 sponte
874 1787 1028 1869 currenti,
1044 1809 1082 1852 ex
1098 1787 1159 1864 his,
1182 1809 1245 1871 que

110 1885 356 1971 Magnificentie
373 1889 600 1956 Dominationi
621 1890 793 1974 significat.
808 1892 882 1977 Ego
899 1901 1017 1976 autem,
1034 1895 1088 1978 qui
1106 1900 1140 1959 et
1156 1895 1245 1962 labo-

108 1997 198 2063 ribus
214 2003 250 2064 et
265 1999 419 2082 periculis
434 2000 601 2080 intersum,
611 2020 683 2063 oum
694 2000 829 2083 ejisdem
841 2002 924 2066 votis
934 2008 1046 2068 teneor
1062 2005 1170 2085 etiam,
1181 2025 1244 2086 que

108 2126 237 2189 semper
252 2107 388 2190 predixi,
404 2109 590 2172 necessaria
605 2107 723 2186 videre,
748 2115 875 2192 exopto,
900 2109 970 2174 sine
996 2110 1113 2194 quibus
1136 2132 1244 2194 perse·

7 2205 9 2282 ἱ
108 2236 224 2279 verare
240 2214 439 2298 impossibile
455 2221 514 2280 est.
531 2215 640 2298 Regia
657 2215 817 2300 Majostas
837 2238 897 2282 sua
922 2223 1076 2284 consueta
1101 2217 1242 2302 pruden-

7 2347 9 2412 ᾗ
107 2323 155 2387 tia
171 2323 252 2408 agit.
276 2323 317 2388 In
344 2322 481 2389 confinio
507 2322 648 2389 hostium
678 2345 796 2404 sumus,
820 2330 982 2392 tractatus
1008 2327 1117 2391 varios
1134 2327 1243 2408 habet,

7 2413 9 2468 i
106 2429 322 2514 habendaque
332 2431 438 2498 Rasce
456 2451 573 2513 magna
589 2437 682 2514 parte
695 2431 765 2515 jam
781 2431 884 2497 multa
901 2433 1061 2516 promissa
1077 2439 1168 2499 tenet
1184 2435 1241 2512 ita,

7 2519 9 2562 ³
105 2545 141 2602 nt
159 2540 271 2624 plures
287 2539 360 2620 sint,
385 2541 441 2623 qui
466 2538 677 2623 polliciantur
702 2562 856 2623 magnam
884 2547 968 2606 terre
991 2547 1127 2625 partem,
1145 2541 1242 2608 modo

105 2647 249 2731 protecti
265 2647 382 2714 exinde
398 2647 519 2712 fuerint
536 2669 556 2712 a
572 2647 663 2712 rabie
679 2648 800 2714 hostili.
834 2649 936 2715 Cesar
954 2655 1113 2733 preterea,
1129 2651 1242 2734 petitis

106 2756 285 2836 obsidibus,
301 2756 356 2841 qui
372 2755 472 2821 etiam
488 2758 613 2840 negavi,
634 2757 767 2824 honeste
792 2781 855 2824 non
872 2765 1061 2843 potuerunt,
1079 2759 1244 2841 quendam

8 2947 9 2950 Ἴ
104 2865 266 2949 insignem
283 2867 393 2930 mittet
409 2871 580 2948 oratorem,
596 2865 637 2931 ob
654 2887 752 2949 quam
768 2888 837 2932 rem
861 2867 966 2933 denuo
984 2867 1017 2930 in
1033 2867 1119 2932 hunc
1134 2865 1240 2930 locum

8 2957 10 3034 ἒ
103 2973 215 3057 Regia
240 2973 399 3058 Majestas
426 2971 562 3056 devenit,
589 2975 694 3041 classe
723 2977 837 3058 procul
869 2975 912 3041 ad
944 2973 1070 3041 miliare
1101 2973 1242 3054 dimissa,

103 3087 210 3147 totam
237 3087 347 3148 tamen
371 3082 456 3148 hanc
486 3084 628 3166 patriam
653 3090 806 3167 paratam
839 3106 909 3150 esse
942 3084 1062 3149 scintis.
1095 3077 1241 3167 Quiquid

8 3193 10 3248 ἶ
102 3197 267 3274 sequetur,
303 3189 504 3274 significabo,
530 3197 563 3256 et
588 3192 733 3275 quamvis
757 3192 860 3257 hiems
885 3198 992 3278 urget,
1017 3191 1109 3256 miles
1142 3195 1242 3274 optet,

101 3296 296 3365 blandiatur
312 3299 424 3383 hostis,
434 3300 461 3364 si
478 3299 594 3364 relicta
604 3298 753 3365 Maestae
763 3300 870 3384 Regia
886 3322 950 3365 non
967 3299 1075 3381 fuerit,
1086 3303 1242 3384 pergrata

102 3408 185 3472 estis
203 3407 360 3489 audituri,
377 3408 559 3472 meminerit
576 3407 699 3476 Vestra
714 3408 973 3493 Magnificentia,
996 3430 1162 3492 nunquam
1179 3407 1241 3471 hoc

101 3516 240 3582 verbum
257 3537 277 3581 a
293 3515 387 3581 nobis
403 3515 505 3582 fuisse
520 3523 696 3598 mutatum3
712 3516 886 3582 Moldavus
902 3523 1039 3601 paratus
1056 3523 1106 3582 est
1121 3523 1155 3582 et
1170 3521 1241 3580 tan-

99 3623 270 3690 tummodo
302 3629 453 3708 expectat
478 3625 648 3689 convenire
675 3645 748 3689 cum
782 3624 890 3706 Regia
916 3624 1079 3691 Maestate
1106 3625 1139 3690 in
1167 3624 1240 3691 loco

100 3733 269 3817 deputato.
285 3730 484 3798 Commendo
500 3754 551 3798 me
567 3731 688 3800 Vestre
704 3731 957 3816 Magnificentie,
975 3753 1073 3815 quam
1089 3754 1140 3797 me
1155 3731 1238 3797 bene

98 3842 211 3909 valere
227 3863 355 3926 semper
372 3846 499 3925 exopto.
526 3841 650 3906 Datum
667 3841 700 3904 in
717 3839 889 3906 Varadino
910 3841 1001 3906 Petri
1026 3839 1090 3906 Die
1106 3837 1157 3905 Ia
1174 3841 1239 3905 De·

98 3948 242 4016 cembris
261 3951 355 4016 1475.
371 3947 510 4015 Gabriel
535 3949 718 4032 Episcopus
736 3945 918 4033 Agriensis,
935 3948 1115 4033 apostolice
1142 3945 1236 4014 Sedis

96 4059 254 4142 Legatos.

208 4165 385 4250 Maguiiico
396 4162 480 4234 Viro
498 4165 585 4232 D-no
603 4165 810 4232 Sebastianio
825 4165 1003 4246 Baduario,
1022 4164 1125 4230 Ill-mi
1140 4161 1239 4228 D-nii

96 4275 303 4348 Venetorum
323 4276 457 4345 Oratori
478 4275 676 4359 dignissimo
693 4278 796 4342 amico
820 4274 1023 4341 honorando.

209 4441 364 4504 (Velenczei
377 4441 575 4504 tllamkbnyv.)
