3336 5252
396 289 462 350 360
748 299 981 347 mrnouacmrr
996 288 1183 345 nuceram·

392 466 461 530 rius
493 469 525 528 et
556 467 654 548 caput
679 461 880 529 subdomade
904 461 1027 527 vadant
1053 483 1140 526 nuno
1171 459 1215 525 ad
1245 458 1457 523 residentiam
1482 457 1523 522 D.

391 572 592 656 Despotisse,
620 572 676 654 qui
701 571 764 636 huc
789 570 905 634 veniat.
932 569 977 634 nt
1002 569 1043 634 ab
1068 571 1148 654 ipsa,
1164 569 1252 634 facta
1271 567 1359 632 omni
1374 565 1526 650 diligenti

391 681 642 761 examinatione,
659 680 791 746 videant
807 676 994 761 intelligere
1010 678 1061 744 his
1076 675 1267 744 melioribus
1290 675 1396 741 modis
1413 679 1446 738 et
1461 695 1528 738 me·

391 790 537 874 dijs‚qne
552 787 614 855 sibi
633 789 701 854 visa
718 787 848 871 fuerint,
860 807 1050 871 quecunque
1064 785 1234 872 possibilia
1249 785 1337 850 cirea
1352 783 1526 850 materiam

393 897 586 983 predictam.

390 1133 452 1200 Ser
468 1131 585 1202 Victor
599 1132 795 1216 Superantio
822 1129 824 1207 Ξ
916 1129 1052 1215 Volunt,
1086 1130 1174 1216 quod
1209 1128 1337 1194 dicatur
1365 1128 1428 1194 hoc
1451 1149 1525 1192 sero

390 1240 451 1306 Ser
466 1240 662 1307 Franciscus
676 1239 825 1344 Sanutol
873 1261 932 1324 pro
964 1237 1146 1305 Catharino
1176 1239 1267 1303 Zeno
1298 1235 1404 1315 militi,
1436 1235 1525 1317 quod

300 1405 303 1414 ,
389 1372 462 1416 cras
478 1371 574 1416 mane
589 1350 700 1416 veniat
716 1371 788 1415 cum
805 1349 1033 1433 suprascripta
1049 1346 1092 1412 D.
1108 1345 1302 1431 Despotissa
1317 1345 1361 1410 ad
1376 1351 1524 1410 nostrum

389 1459 589 1542 Dominium,
605 1460 691 1526 sicut
707 1459 786 1526 fecit
805 1458 867 1524 hoo
882 1479 989 1541 mane,
1015 1454 1152 1523 dicendo
1178 1455 1236 1537 illi,
1262 1454 1349 1538 quod
1375 1453 1525 1520 volumus

388 1568 496 1634 lacere
520 1569 738 1652 provisionem
763 1589 860 1653 super
885 1575 994 1634 castro
1021 1589 1088 1632 suo.
1114 1564 1148 1630 Α
1175 1585 1241 1648 qua
1272 1565 1433 1650 completo
1459 1583 1526 1628 ser·

388 1698 483 1742 mone
505 1697 577 1742 cum
602 1699 642 1743 ea
668 1697 765 1761 super
792 1675 880 1742 dicto
906 1682 1024 1757 castro,
1040 1675 1189 1742 videatur
1214 1673 1336 1738 habere
1352 1673 1524 1739 veritatem

388 1785 619 1869 propositionis
635 1805 694 1868 per
709 1785 815 1868 ipsam
832 1783 918 1850 facte
938 1783 1026 1850 circa
1042 1781 1144 1864 illum,
1161 1781 1217 1866 qui
1243 1781 1381 1848 revellat
1396 1787 1525 1848 secreta

389 1899 513 1961 nostra.

497 2002 539 2084 l·
588 2007 605 2066 7
652 2039 694 2048 -
742 2011 762 2067 0
809 2041 852 2050 -
899 2011 928 2067 υ.

495 2165 651 2226 (Velenezei
660 2166 859 2231 dllauikbnyv.)

918 2581 992 2643 248.

390 2765 485 2828 1477.
496 2761 606 2828 Gdbor
616 2763 686 2850 egri
694 2763 823 2849 pdapb'lc
840 2761 932 2826 levale
948 2757 1186 2848 (voldszinitlcp
1197 2761 1309 2846 Lupus
1320 2755 1522 2839 Lalcdcsboz)

388 2896 409 2935 a
438 2891 583 2958 mapyor
603 2870 784 2957 kirdlpaok
803 2870 1029 2935 Aaaztridbaa
1045 2869 1213 2955 folytoaoa
1236 2867 1462 2956 pydrclmeirdl
1487 2869 1521 2931 ds

729 2978 829 3064 me'pia
849 2978 920 3042 hate
935 2976 1160 3062 bajlomairdl.

491 3154 825 3238 ClarissimeDoctor‚
835 3161 995 3240 tanquam
1010 3153 1113 3220 frater
1130 3154 1350 3239 dilectissime,
1360 3155 1519 3224 Salutem.

491 3264 722 3349 Superioribus
748 3263 861 3330 diebus
885 3284 945 3348 per
969 3261 1289 3349 Albertumsslronay,
1321 3263 1519 3332 familiarem

382 3381 531 3441 nostrum
547 3373 639 3439 vobis
664 3371 927 3456 significavimus,
952 3393 1015 3457 que
1039 3379 1120 3438 tunc
1145 3379 1357 3439 occurrerant
1381 3381 1452 3439 tam
1475 3374 1517 3440 de

380 3480 478 3548 rebus
495 3480 625 3561 nostris,
635 3501 733 3564 quam
750 3479 790 3546 de
806 3478 953 3546 felicibus
969 3478 1196 3564 progressibus
1206 3480 1299 3564 Rege
1309 3479 1519 3566 Majestatis;

384 3588 537 3654 similiter
553 3593 586 3652 et
601 3584 761 3653 Dominus
784 3585 935 3671 Angelus
959 3596 1070 3654 noster
1095 3587 1145 3654 bis
1172 3609 1211 3654 ex
1228 3586 1331 3654 (iuria
1355 3589 1517 3672 imperiali

382 3696 492 3763 omnia
523 3694 747 3777 contingentia
778 3715 817 3759 ex
848 3695 962 3760 ordine
993 3694 1206 3781 significavit;
1237 3717 1324 3763 nunc
1348 3717 1427 3762 vero
1453 3719 1516 3763 non

382 3808 558 3871 occurrunt
574 3803 689 3885 multa,
705 3803 767 3870 nisi
783 3824 883 3888 quam
899 3803 1063 3869 exercitus
1078 3806 1189 3889 regius
1208 3825 1365 3890 prospere
1390 3811 1424 3872 et
1446 3806 1517 3873 feli-

381 3915 464 3978 citer
498 3913 568 3998 agit
598 3913 632 3977 in
668 3913 816 3979 omnibus
848 3911 1019 3978 conatibus
1061 3914 1138 3996 suis,
1170 3921 1203 3980 et
1235 3915 1401 3999 hucusque
1432 3914 1516 3980 nihil

379 4021 506 4086 frustra
537 4021 720 4104 temptavit,
751 4021 809 4086 sed
839 4021 996 4105 majorem
1027 4028 1156 4105 partem
1180 4020 1318 4090 Austrie
1349 4022 1516 4089 inferioris

378 4128 529 4212 obtinuit,
553 4127 639 4194 idest
662 4129 760 4213 plura
790 4152 890 4214 quam
915 4134 1044 4196 centum
1071 4130 1208 4196 castella
1233 4138 1267 4200 et
1291 4131 1387 4217 plura
1415 4153 1513 4216 quam

376 4236 515 4320 triginta
530 4237 652 4320 oppida
671 4259 801 4322 magna,
815 4239 850 4304 in
866 4237 999 4324 diesque
1015 4238 1138 4324 oppida
1153 4261 1305 4325 proceres
1330 4247 1364 4306 et
1387 4241 1513 4308 nobiles

377 4343 485 4428 patrie
500 4343 642 4412 Domino
658 4343 746 4432 Regi
762 4353 873 4414 nostro
890 4347 1060 4430 adherent,
1077 4354 1111 4415 et
1126 4350 1223 4434 pauci
1240 4355 1327 4432 sunt,
1342 4352 1399 4435 qui
1417 4353 1512 4419 resis-

376 4457 451 4522 tant
477 4459 509 4519 et
534 4455 561 4518 si
588 4456 643 4543 qui
676 4457 836 4545 quidquid
868 4457 1002 4546 faciunt,
1028 4460 1151 4528 virtute
1178 4460 1374 4550 Hungarica
1398 4465 1511 4530 statim
