3336 5252
664 322 760 386 reue.
1007 413 1013 420 ι
1210 323 1274 388 343

139 495 315 579 peditatus,
326 518 406 580 quos
422 520 461 563 ex
476 499 656 567 confinibus
671 501 814 586 undique
831 523 947 584 cogere
963 501 1154 586 potuissent,
1165 522 1274 564 seeum

137 603 333 688 eduxerant,
368 608 510 674 volentes
542 631 713 676 succinere
746 609 884 676 obsessis
916 611 950 674 in
975 609 1108 675 castello
1141 607 1275 690 Sabaoz,

138 733 279 795 eumque
295 715 328 779 in
355 723 562 801 conspectum
588 718 768 785 obsidionis
792 725 900 784 nostre
927 720 1097 784 universus
1121 717 1274 800 apropin-

138 827 275 903 quesset
300 825 472 908 exercitus
500 827 568 911 ipse
594 826 716 911 Alibeg
741 833 773 892 et
798 827 961 910 Sachibeg
986 849 1025 892 ae
1048 826 1106 892 alii
1122 826 1273 891 duetor'es

136 929 300 996 exercitus
315 933 527 999 monticulum
543 957 581 1000 ex
599 934 734 1000 adverso
756 934 883 1001 castelli
906 937 1104 1000 eminentem
1121 953 1273 998 conscen-

14 1027 15 1032 '
137 1037 230 1104 dunt.
246 1038 316 1104 Nos
334 1062 461 1126 quoque
477 1065 550 1108 oum
566 1043 730 1128 peditibus
755 1045 878 1110 nostris
901 1044 1020 1128 parati,
1035 1043 1152 1108 relicto
1168 1041 1271 1107 solum

135 1152 317 1216 necessaris
333 1151 393 1218 sub
409 1151 576 1218 obsidione
592 1151 745 1237 presidio,
761 1159 855 1218 extra
872 1158 983 1218 eastra
1004 1157 1117 1217 nostra
1142 1151 1270 1218 obviem

134 1255 205 1322 illis
220 1265 446 1343 processimus.
463 1261 601 1348 Iamque
617 1269 757 1347 utraque
772 1260 886 1327 falanx
901 1264 936 1327 in
952 1267 1126 1346 conspectu
1151 1261 1272 1344 stabat,

133 1364 196 1430 illa
211 1375 249 1432 ut
268 1369 407 1436 obsessis
434 1391 528 1455 opem
554 1372 663 1454 ferret,
687 1378 801 1438 nostra
824 1393 900 1436 vero
925 1379 962 1436 ut
988 1370 1062 1435 illos
1088 1369 1269 1453 repelleret,

14 1477 16 1480 ’
134 1478 207 1538 tum
238 1476 287 1542 illi
319 1477 417 1544 duces
447 1480 607 1546 exercitus
639 1479 680 1545 de
706 1480 884 1546 monticulo
911 1479 1059 1564 opposito
1085 1483 1267 1542 nostrorum

134 1582 389 1668 multitudinem,
405 1594 606 1673 paratosque
618 1588 660 1653 ad
675 1609 821 1672 pugnem
838 1588 924 1653 acies
941 1586 1120 1670 conspicati
1136 1585 1179 1650 ad
1195 1606 1270 1649 suos

132 1693 356 1761 retrocedunt.
373 1697 467 1762 Missi
485 1704 560 1762 sunt
575 1698 704 1763 interea
719 1695 846 1780 lapides
862 1697 896 1762 in
912 1697 1056 1762 exercitu
1072 1695 1112 1760 de
1128 1700 1269 1759 tormen·

131 1801 178 1865 tis
196 1805 599 1891 nost1·ismaj01ibus,que
625 1806 735 1891 plures
761 1826 801 1870 ex
827 1805 908 1890 ipsis
932 1802 1128 1869 occiderunt.
1145 1799 1269 1882 Alibeg

132 1915 247 1974 autem
263 1917 296 1977 et
312 1909 476 1998 Sachibeg
501 1933 539 1978 ao
563 1915 620 1980 alii
637 1912 787 1998 Vajvode
812 1933 941 1996 quoque
958 1910 1110 1978 nonensi
1128 1909 1268 1993 amplius

131 2017 300 2085 fortunam
331 2027 494 2105 temptare
525 2044 595 2088 eum
629 2023 760 2104 nostris,
790 2044 856 2087 une
887 2043 959 2086 cnm
991 2018 1140 2086 omnibus
1165 2017 1268 2101 copiis

132 2147 218 2207 quas
235 2148 326 2194 secus
342 2128 532 2210 eduxerant,
549 2129 657 2196 subito
674 2129 883 2213 diffugerunt,
900 2129 1061 2213 celerique
1083 2147 1181 2211 passu
1197 2129 1269 2190 tota

132 2235 181 2299 dii
199 2235 353 2304 besterna
379 2243 412 2303 et
436 2238 499 2306 bac
515 2245 609 2305 nocte
633 2239 667 2303 in
683 2237 837 2304 Turoiam
861 2237 983 2304 reversi
1009 2243 1094 2318 sunt,
1118 2232 1267 2319 pluribus

130 2343 322 2410 bominibus
355 2353 387 2412 et
419 2348 511 2430 equis
541 2349 575 2412 in
606 2345 712 2412 medio
743 2347 859 2412 itinere
890 2351 1026 2429 propter
1055 2345 1266 2426 asperitatem

130 2454 260 2518 viarum
276 2454 407 2520 relictis.
422 2455 559 2540 Iamque
585 2477 659 2539 spes
685 2456 810 2540 optima
834 2460 884 2520 est
908 2453 980 2519 Deo
1007 2451 1159 2537 propitio,
1177 2449 1265 2532 quod

14 2605 15 2608 =
129 2563 304 2628 castellum
321 2561 384 2628 boc
400 2562 522 2630 Sabeon
540 2563 627 2628 brevi
641 2561 910 2646 expugnabimus.
921 2561 1144 2644 Expectamus
1160 2558 1265 2624 solum

128 2676 168 2734 ut
187 2667 273 2735 Saus
298 2669 473 2752 decrescat,
490 2671 579 2754 quod
605 2670 727 2736 iterato
752 2669 965 2734 inundatione
992 2669 1095 2734 nimia
1110 2675 1143 2734 et
1158 2667 1265 2734 fossas

129 2778 260 2844 castelli
288 2783 321 2843 et
338 2779 517 2843 insularum
535 2779 650 2862 replet,
666 2779 852 2862 paravimus
869 2778 966 2842 etiam
983 2797 1082 2842 naves
1097 2777 1265 2866 maximas,

128 2884 253 2969 quibus
269 2906 373 2968 neque
398 2884 577 2951 bombarde
602 2906 663 2950 nec
688 2885 753 2951 alie
777 2884 925 2950 machine
950 2884 1003 2952 vel
1029 2884 1128 2950 etiam
1151 2883 1265 2968 aliqua

123 2992 241 3080 jacula
256 3013 373 3058 nocere
389 2999 537 3077 possunt,
548 3016 631 3078 quas
647 2993 799 3076 deinceps
816 2992 860 3059 ad
875 2992 1037 3059 fossatum
1047 2992 1264 3059 eoloeabimus

127 3109 163 3168 et
182 3103 222 3168 de
239 3101 304 3168 illis
320 3101 515 3168 fortalitium
532 3101 798 3188 expugnabimus,
823 3125 1056 3188 speramusque
1081 3102 1263 3169 auxiliante

14 3249 15 3258 ι
127 3212 203 3278 Deo
221 3233 260 3276 ex
277 3211 371 3277 heom
390 3213 535 3278 unitione
560 3212 687 3278 hostem
711 3219 857 3278 nostrum
882 3213 915 3278 in
940 3213 1089 3296 proximo
1105 3214 1263 3282 obtinere.

126 3321 184 3387 Ex
200 3319 370 3386 obsidione
386 3321 523 3388 castello
542 3321 666 3389 Sabaea
682 3322 783 3388 tertio
800 3321 853 3388 die
869 3319 1043 3410 Februarij
1065 3324 1161 3388 1476.

238 3483 366 3547 (uirenti
385 3483 544 3547 suanum.)

615 3664 777 3678 *ἡ

660 3921 734 3984 237.

14 4167 15 4170 ,
128 4101 226 4164 1476.
243 4097 353 4165 Gdbor
376 4099 449 4183 apri
468 4101 601 4186 pilapble
625 4125 647 4166 a
673 4103 782 4167 edmai
800 4106 908 4188 papus
934 4101 1057 4169 sabaea
1081 4102 1262 4169 beoe'tele'rdl

466 4208 731 4298 kdrltlmc'nyesen
749 4211 921 4296 tuddettju.

234 4385 432 4452 Beatissimo
449 4386 554 4452 Pater
569 4393 602 4453 et
612 4385 871 4455 Clementissime
881 4387 1031 4456 Domine.
1042 4388 1124 4455 Post
1139 4391 1259 4474 pedum

14 4507 18 4524 ¹
125 4493 237 4560 osculo
252 4493 434 4561 beatorum.
449 4494 611 4561 Proximis
628 4495 743 4563 diebus
760 4496 940 4581 significari
951 4497 1129 4566 sanctitati
1140 4495 1259 4566 Vestro
