3356 5266
390 413 453 477 146
741 430 975 504 nrrnonnczmr
991 420 1159 478 annuns.

923 811 976 874 98.

390 977 485 1042 1469.
501 972 530 1038 A
547 974 700 1038 veleoczei
725 974 943 1038 dllamtaoa‘cs
968 973 1101 1038 Mictiet
1127 973 1250 1038 Mittor
1274 975 1378 1039 kdcete
1393 975 1479 1038 strat
1497 999 1521 1038 a

261 1167 264 1174 Ι
391 1084 491 1170 Zenpi
505 1083 660 1170 profokat
676 1083 796 1168 mapuk
812 1081 949 1146 ottalma
966 1080 1140 1146 trdetttea
1167 1083 1374 1168 epyetdrtdsse
1399 1069 1481 1163 inti,
1499 1085 1538 1145 e's

392 1219 413 1259 a
430 1194 528 1279 Papa
544 1192 627 1256 elcut
643 1215 665 1254 a
679 1211 818 1276 mappas
841 1188 1014 1276 tirelynel
1041 1189 1243 1254 eructuosas
1269 1201 1322 1253 tctt
1348 1191 1533 1276 ldpe‘sekrdl

862 1298 1036 1384 tuddsttja.

388 1455 729 1529 MOOCOLXVIIII.
745 1457 798 1522 die
813 1455 860 1522 X.
877 1455 1082 1524 Novembris.

497 1569 557 1636 Ser
582 1565 721 1634 Nicolao
748 1564 901 1646 Michael,
917 1563 1064 1653 Doctori,
1080 1563 1217 1632 Oratori
1234 1571 1345 1631 nostro
1368 1566 1411 1631 ad
1427 1565 1526 1651 Mag-

392 1679 504 1746 nificos
520 1677 680 1744 Dominos
697 1672 814 1757 Segne.

497 1785 637 1852 Misistis
662 1782 704 1848 ad
729 1803 788 1848 nos
820 1780 1098 1866 Circumspeotum
1129 1783 1342 1849 secretarium
1371 1790 1487 1849 nostru
1500 1807 1535 1849 m

390 1895 591 1961 Lodovicum
607 1891 647 1957 de
663 1889 853 1970 Manentiis,
868 1911 927 1974 per
952 1912 1048 1973 quem
1073 1890 1167 1956 nobis
1192 1891 1360 1957 declarare
1384 1890 1525 1973 fecistis,

393 2026 456 2089 quo
473 2005 507 2069 in
524 2007 615 2068 statu
632 2021 666 2064 se
683 1999 806 2082 reperit
831 1999 945 2064 civitas
961 1997 1080 2080 Segne,
1106 2020 1203 2083 quam
1228 2021 1306 2066 sane
1332 2001 1473 2066 maximo
1489 2002 1526 2065 in

391 2111 536 2196 periculo
548 2110 762 2174 constitutam
772 2126 841 2172 esse
852 2105 997 2172 videmus
1009 2105 1050 2170 ob
1061 2105 1258 2172 discordiam
1278 2108 1480 2191 potissimum
1492 2117 1529 2174 et

393 2217 626 2285 dissensionem
641 2215 772 2282 illorum
787 2213 1039 2298 Magnificorum
1051 2214 1267 2282 Dominorum
1282 2216 1430 2300 fratrum,
1439 2240 1526 2303 qnos

392 2330 418 2393 si
443 2329 535 2393 unire
562 2325 716 2411 possibile
743 2330 838 2405 esset,
863 2325 1019 2407 optimum
1046 2324 1224 2389 remedium
1251 2323 1293 2390 sd
1318 2328 1532 2392 securitatem

395 2457 505 2502 eorum
523 2441 630 2500 status
643 2432 869 2517 judicaremus.

497 2546 659 2614 Volumus
683 2543 767 2622 ideo,
791 2542 947 2623 vobisque
972 2563 1044 2606 cum
1064 2546 1175 2608 nostro
1201 2540 1406 2626 Rogatorum
1437 2541 1529 2608 Gon·

391 2656 464 2723 silio
489 2652 692 2732 mandamus,
717 2659 753 2716 ut
778 2649 865 2715 omni
889 2655 999 2714 vestra
1023 2650 1200 2732 prudentia
1226 2672 1340 2717 curare
1371 2649 1531 2735 debeatiS,

391 2760 478 2847 quod
504 2761 603 2826 iidem
627 2758 771 2840 Domini,
796 2763 853 2821 aut
876 2757 980 2840 major
995 2777 1072 2838 pars
1099 2778 1221 2837 eorum,
1242 2762 1300 2822 aut
1315 2757 1432 2824 saltem
1448 2765 1530 2840 trae,

391 2893 448 2938 seu
467 2891 579 2937 eorum
604 2868 721 2952 nuntij,
738 2865 849 2948 aliquo
866 2865 899 2929 in
923 2865 993 2929 loco
1019 2886 1052 2930 se
1077 2864 1221 2948 recipere
1238 2866 1347 2950 velint,
1363 2889 1437 2934 cum
1453 2869 1529 2950 qui-

392 2981 453 3048 bus
484 2979 584 3060 eritis,
608 2983 642 3042 et
666 2973 814 3042 omnibus
840 2971 1021 3054 inductivis
1046 2974 1308 3066 persussivisque
1331 2973 1445 3056 verbis,
1463 2997 1529 3059 que

391 3096 497 3156 vestre
512 3085 683 3172 prudentie
698 3081 898 3148 videbuntur
912 3078 1110 3144 conabimini
1126 3102 1181 3146 eos
1196 3079 1358 3164 inducere,
1378 3082 1465 3168 quod
1480 3084 1532 3150 in·

392 3204 487 3264 tanto
504 3216 616 3262 eorum
632 3190 778 3277 periculo
795 3189 970 3255 concordes
987 3209 1055 3254 esse
1066 3187 1177 3270 velint,
1188 3195 1221 3256 et
1231 3191 1349 3256 intenti
1364 3190 1530 3268 addefeni

392 3308 515 3373 sionem
530 3309 633 3369 status
650 3301 708 3379 sui,
721 3299 791 3383 jam
806 3302 856 3364 tot
872 3317 974 3363 annos
990 3297 1032 3362 ab
1050 3318 1160 3363 eorum
1187 3299 1436 3384 Magnificenoie
1459 3322 1531 3367 ma

388 3413 516 3500 joribus
531 3409 681 3498 possessi,
696 3406 966 3492 potissimumque
992 3405 1133 3471 civitatis
1158 3403 1265 3490 Segne
1281 3407 1399 3491 reliqui
1416 3429 1527 3475 eorum

393 3530 498 3590 status
533 3519 778 3586 fundamentum
805 3519 838 3578 et
863 3515 1075 3580 conservatio.
1109 3514 1326 3582 Declarantes
1358 3537 1418 3583 nos
1449 3539 1531 3601 erga

392 3655 503 3702 eorum
528 3624 794 3712 Magnificencias
823 3623 943 3706 optime
971 3621 1145 3706 dispositos
1177 3644 1256 3706 esse,
1288 3624 1375 3708 quod
1407 3630 1530 3691 statum

391 3767 501 3832 ipsum
516 3741 575 3809 sub
593 3759 651 3803 sua
668 3735 789 3802 ditione
813 3753 942 3808 servare
968 3739 1100 3814 queant,
1123 3733 1218 3800 siorti
1238 3734 1308 3818 jam
1331 3740 1424 3802 tanto
1449 3739 1531 3801 tem-

392 3877 470 3941 pore
493 3852 677 3917 tenuerunt.
701 3841 829 3909 Dicetis
855 3847 1005 3925 preterea
1020 3862 1131 3906 corum
1144 3841 1405 3929 Magnificenoijs
1422 3851 1530 3911 orato·

392 3985 463 4030 rem
479 3965 624 4027 nostrum
642 3953 685 4019 ad
704 3948 951 4018 Serenissimum
975 3949 1146 4035 Hungerie
1171 3950 1297 4034 Regem
1313 3951 1407 4018 nobis
1422 3973 1527 4036 nuper

392 4072 574 4157 scripsisse:
592 4087 626 4130 se
635 4067 749 4128 nostro
760 4058 889 4124 nomine
909 4078 1021 4124 eorum
1040 4058 1302 4142 Magnificentias
1318 4060 1407 4125 illius
1423 4059 1492 4146 Maj

394 4183 453 4248 tati
470 4171 721 4250 commendasse,
742 4188 806 4250 que
823 4167 1131 4232 commendationem
1149 4167 1306 4251 ejusmodi
1316 4167 1401 4234 bono
1419 4170 1528 4236 animo

393 4293 522 4360 audisse
537 4287 605 4350 visa
621 4287 680 4364 est,
695 4284 728 4343 et
747 4275 878 4354 dixisse,
895 4274 982 4357 quod
999 4296 1112 4340 eorum
1139 4283 1285 4342 oratores
1311 4277 1354 4342 ad
1369 4277 1530 4361 Majesta-

293 4449 294 4452 κ
393 4411 457 4468 tem
483 4397 583 4464 Suam
608 4392 739 4456 mittere
765 4383 879 4464 voluit,
904 4383 1065 4468 quomodo
1092 4406 1146 4450 eos
1173 4384 1313 4450 libenter
1338 4384 1462 4450 videbit
1494 4391 1529 4449 et

393 4510 523 4588 audiet,
559 4503 612 4569 cui
647 4496 768 4564 oratori
801 4499 913 4558 nostro
945 4495 1178 4578 rescripsimus,
1208 4501 1244 4559 ut
1274 4494 1404 4576 quando
1429 4493 1527 4559 iidem

393 4625 541 4690 oratores
573 4611 614 4677 ad
648 4607 859 4688 Maiestatem
893 4603 993 4684 ipsius
1034 4624 1068 4667 se
1099 4603 1302 4686 contulerint,
1332 4601 1399 4668 illis
1436 4623 1528 4676 omn-
