3336 5258
668 351 763 414 1480.
1219 351 1285 414 425

146 531 299 615 exemplo
315 513 487 597 literarum
503 530 649 616 ejusdem
664 531 769 595 nostri
784 528 962 614 ¹Capitanei
980 531 1033 594 his
1049 529 1174 594 incluso
1200 536 1289 612 pote-

95 623 98 628 ’
146 641 196 706 ris
212 639 416 725 iutelligere3
432 647 466 705 01
480 661 540 724 per
555 638 631 705 illas
657 641 791 706 easdem
816 639 931 706 literas
955 639 1035 707 10011
1060 641 1160 705 etiam
1184 659 1294 704 sumus

156 751 316 816 certiores
341 748 429 814 illius
455 750 511 832 rei,
527 770 591 833 que
615 749 712 816 nobis
736 749 878 814 maxime
901 747 1086 816 verisimilis
1122 747 1295 815 ridebatur

157 859 376 924 intentionem
394 856 426 924 S.
441 857 546 942 Regis
571 855 761 942 Majestatis
777 858 820 924 ab
843 859 932 925 omni
957 859 1124 926 nobiscum
1149 859 1296 924 novitate

155 966 290 1050 penitus
305 986 376 1030 esse
391 965 539 1048 alienam,
556 967 642 1033 sicut
665 973 779 1032 nostra
795 974 845 1032 est
860 965 955 1033 firma
971 973 1004 1032 01
1021 973 1173 1034 constans
1189 967 1296 1052 dispo·

156 1075 236 1140 sitio
262 1095 393 1140 servare
420 1095 492 1140 curn
518 1075 631 1140 eadem
648 1075 826 1160 Majestate
851 1076 1104 1142 benivolentiam
1129 1077 1295 1142 01001101-

155 1184 238 1249 tiam
256 1182 418 1267 inceptam
435 1184 477 1251 ab
487 1183 637 1266 genitore
652 1206 756 1269 usque
771 1184 869 1268 illius,
885 1191 918 1250 et
932 1207 991 1270 per
1009 1186 1119 1251 omnia
1135 1192 1296 1275 tempora,

156 1313 283 1376 perque
313 1313 442 1358 omnem
466 1293 596 1359 fortune
623 1292 859 1360 volubilitatem
884 1315 1012 1378 semper
1037 1298 1208 1376 servatam,
1223 1294 1293 1360 ille·

158 1421 230 1465 sam
247 1405 280 1464 01
295 1400 531 1484 invariabilem,
547 1401 659 1486 utqui
676 1423 803 1487 semper
818 1403 1026 1488 cognovimus
1041 1402 1161 1469 bonum
1186 1409 1292 1470 status

159 1508 267 1592 Regni
285 1509 335 1576 sui
352 1531 421 1575 esse
445 1511 614 1595 proprium
629 1509 749 1576 bouum
774 1517 934 1595 nostrum,
949 1517 983 1577 et
1008 1513 1207 1578 econtrario
1227 1534 1292 1579 non

156 1618 267 1700 potuit
282 1623 342 1682 aut
355 1623 467 1702 posset
483 1624 589 1685 status
605 1619 680 1684 inde
696 1618 843 1702 recipere
860 1618 1101 1702 detrimentum,
1118 1620 1206 1703 quod
1224 1642 1291 1686 non

157 1725 258 1790 tuerit
274 1733 422 1811 essetque
453 1727 655 1793 consecutive
682 1727 914 1794 detrimentum
938 1735 1043 1796 status
1059 1729 1165 1814 Regio
1182 1728 1291 1796 Subli·

156 1834 303 1916 mitatis;
318 1841 353 1900 et
368 1836 424 1920 qui
440 1837 537 1902 aliter
559 1838 718 1904 extimant
735 1837 948 1924 suadentque,
963 1839 1106 1924 proprijs
1130 1839 1293 1923 decipiun-

157 1951 212 2008 tur
227 1941 407 2010 affeetibus.
431 1944 532 2012 Hauc
546 1950 673 2030 partem
689 1953 726 2012 tu
743 1947 850 2015 verbis
875 1947 1010 2029 idoneis,
1026 1948 1242 2032 prudentibus
1258 1955 1292 2013 et

159 2049 314 2135 gravibus
339 2053 467 2137 explica
492 2059 526 2119 01
551 2075 632 2121 0100
655 2076 715 2139 per
740 2057 881 2139 modum,
907 2057 995 2140 quod
1010 2056 1116 2140 Regia
1132 2056 1293 2140 Majestas

159 2163 391 2244 preteritorum
406 2163 634 2230 reminiscatur
659 2170 693 2230 et
716 2165 750 2230 in
774 2172 940 2250 posterum
956 2166 1056 2230 etiam
1072 2165 1236 2232 existimet
1259 2171 1294 2230 01

158 2267 294 2336 charam
311 2276 423 2338 teneat
438 2273 619 2338 amicitiam
634 2279 792 2340 nostram.

264 2378 359 2444 uinis
385 2381 594 2464 expositionis
619 2381 807 2467 hujusmodi
831 2387 887 2447 tue
913 2382 957 2446 sit
985 2381 1068 2447 illud
1093 2381 1188 2462 idem,
1205 2380 1293 2465 quod

158 2487 269 2554 101101
285 2493 336 2553 001
351 2494 462 2554 000110
478 2489 669 2556 intentionis
686 2494 720 2555 et
734 2490 903 2574 propositi,
914 2489 1085 2556 0100111001
1101 2495 1293 2556 conservata

159 2599 193 2660 et
202 2593 319 2661 relicta
335 2595 395 2663 snb
411 2601 525 2662 nostra
543 2603 746 2682 protectione
763 2596 878 2682 Vegla,
894 2619 958 2682 pax
974 2605 1008 2664 et
1031 2598 1205 2666 concordia
1220 2618 1293 2663 cum

158 2701 264 2786 Regia
280 2703 459 2791 Majestate
475 2707 575 2772 etiam
590 2706 687 2772 illesa
712 2714 890 2789 remaneat,
906 2714 940 2774 et
965 2708 1075 2792 siquid
1090 2708 1176 2774 10110
1193 2705 1293 2773 01100-

158 2811 258 2879 diculi
284 2837 322 2880 ex
347 2815 408 2881 tali
433 2817 564 2900 incepta
589 2815 734 2883 novitate
763 2816 934 2883 subortum
965 2816 1089 2900 luisset,
1121 2816 1156 2881 id
1185 2820 1291 2881 totum

159 2923 358 3007 deponatur;
374 2929 408 2990 et
423 2923 510 2990 inter
531 2924 732 3008 loquendum
759 2927 866 3007 etiam,
882 2925 939 2991 ubi
953 2924 1014 2991 tibi
1031 2925 1073 2992 ad
1089 2923 1293 3008 propositum

157 3031 348 3112 inservierit,
376 3032 508 3099 declara
532 3033 790 3101 modestissimos
815 3034 928 3101 modos
954 3036 1101 3099 servatos
1133 3037 1289 3116 temper
1384 3059 1388 3066 ¹

158 3146 308 3208 nostrum
332 3143 534 3226 provisorem
559 3142 762 3226 priusquam,
777 3147 894 3225 postea
919 3164 978 3227 per
993 3146 1142 3206 nostrum
1159 3136 1294 3224 Capita-

158 3271 255 3315 neum
270 3269 381 3315 versus
397 3271 572 3334 personam
589 3247 764 3334 Oapitauei
780 3249 889 3316 Maier
904 3249 984 3316 Blas
1010 3256 1043 3316 et
1066 3249 1214 3332 reliquas
1230 3245 1296 3312 Re·

158 3358 230 3443 gias
246 3357 368 3442 copias,
384 3366 418 3423 et
435 3358 667 3425 abstinentiam
684 3359 785 3426 etiam
800 3380 912 3425 eorum
928 3365 961 3425 et
977 3357 1121 3425 omnium
1146 3362 1291 3424 nostrum

158 3466 200 3534 ab
216 3474 306 3534 terra
322 3468 428 3552 firma,
444 3474 478 3534 01
494 3469 536 3536 ab
551 3468 688 3553 reliquis
714 3467 865 3535 omnibus
890 3468 970 3534 locis
993 3465 1216 3552 predictorum
1233 3463 1296 3532 (lo-

158 3577 282 3657 mitum,
300 3577 339 3642 de
355 3575 474 3660 quibus
490 3577 581 3644 nullo
597 3598 739 3661 uuquam
756 3583 902 3660 tempore
928 3596 988 3643 nos
1011 3574 1171 3641 voluimus
1196 3575 1295 3658 impe·

159 3683 239 3766 diro,
255 3685 319 3750 uisi
345 3707 418 3751 cum
439 3687 591 3770 precibus
616 3694 650 3753 et
666 3687 897 3754 intercessione
912 3686 1008 3752 amici
1040 3693 1073 3750 01
1098 3682 1296 3751 confidentia

159 3793 247 3879 apud
260 3793 400 3877 Regiam
419 3794 671 3879 Sublimitatem,
682 3797 767 3862 sicut
784 3796 890 3881 ipsam
904 3795 1025 3880 optimc
1036 3793 1222 3860 meminisse
1231 3813 1296 3858 non

159 3901 354 3970 dubitamus.
369 3903 417 3969 Et
442 3903 482 3970 de
507 3925 648 3989 persona
674 3902 810 3970 (lomitis
836 3903 987 3984 Joannis‚
1018 3901 1127 3984 siquid
1151 3921 1295 3985 uuquam

157 4009 305 4094 tentavit,
321 4011 472 4078 sutfecit
495 4012 662 4097 ingratum
678 4012 783 4098 Regia
800 4009 1002 4078 Sublimitati
1017 4035 1023 4075 :
1038 4009 1073 4074 id
1088 4007 1204 4074 fecisse
1219 4029 1294 4092 pre·

157 4127 208 4188 ter
224 4141 351 4188 omnem
368 4122 563 4188 sententiam
586 4127 732 4188 nostram
748 4119 889 4206 affirma,
905 4125 938 4185 et
953 4117 1119 4202 promitte,
1134 4139 1192 4183 nos
1220 4136 1294 4198 pro·

157 4233 285 4298 visuros
301 4251 359 4315 por
375 4229 516 4313 modum,
532 4231 620 4317 qnod
637 4230 840 4315 displicuisse
863 4229 958 4297 nobis
974 4227 1169 4294 offensiones
1186 4225 1292 4290 factas

158 4341 262 4427 Regis
289 4342 488 4411 Celsitudini
513 4349 546 4410 et
570 4363 764 4427 quecunque
788 4341 915 4407 occasio
941 4336 1129 4404 offendendi
1152 4337 1293 4419 inposte-

157 4481 229 4525 rum
246 4457 474 4524 convenienter
489 4453 619 4522 sublata
634 4475 705 4520 esse
718 4449 959 4520 existimabitur
969 4445 1028 4534 (1)

266 4567 449 4650 Nescimus,
466 4565 573 4656 qualis
597 4567 709 4636 lutura
734 4565 779 4631 sit
802 4561 909 4650 Regia
934 4563 1111 4648 responsio,
1136 4565 1162 4631 si
1197 4565 1295 4630 luerit
