3336 5252
427 365 491 428 284
783 381 1017 427 nrrnovaczvsv
1034 369 1203 428 6111111166

423 549 592 626 tamquam
610 563 669 624 pro
686 541 783 606 rebus
800 541 893 606 nobis
911 541 953 605 ad
970 544 1248 608 conservationem
1276 544 1463 626 Regnorum
1488 563 1558 607 nos·
1660 559 1661 572 ¹

426 655 550 714 trorum
577 651 780 731 necessariis,
805 671 845 715 ne
870 649 1010 733 expositi
1041 655 1156 715 contra
1179 650 1305 717 'lurcos
1337 651 1380 716 ab
1411 650 1558 716 hostibus

427 759 549 823 nostris
579 765 653 842 post
679 765 809 843 tergum
836 757 1074 836 invaderemur,
1106 760 1233 842 experti
1266 766 1423 844 qnantum
1449 759 1561 825 hahita
1660 751 1661 806 1

426 866 555 932 ledeudi
590 865 755 948 facultate,
780 865 877 931 tidem
900 867 1074 950 prestitam
1099 875 1280 950 servarunt,
1300 868 1496 952 pmmissum
1513 874 1560 933 661
1660 929 1661 936 ,

1658 687 1661 750 l

1659 829 1661 880 l

427 973 520 1038 nobis
537 973 657 1056 pluries
683 973 877 1038 mittendum
903 974 1121 1056 apostolicum
1147 971 1309 1040 Nuntium
1335 998 1408 1041 cum
1424 977 1561 1061 prelatis

427 1081 543 1164 Bullia,
559 1083 799 1165 expectavimus
829 1089 1005 1165 propterea
1021 1091 1055 1148 et
1080 1082 1174 1148 Bude
1190 1091 1224 1148 et
1240 1085 1272 1149 in
1289 1085 1342 1150 via
1357 1107 1424 1152 non
1439 1107 1560 1170 paucos
1660 1109 1661 1142 1

428 1191 497 1255 dies
522 1190 653 1256 easdem
678 1189 801 1272 Budas,
826 1197 863 1256 ut
887 1192 997 1257 auimo
1023 1192 1127 1258 libero
1142 1200 1176 1258 et
1192 1195 1261 1258 sine
1286 1199 1372 1259 metu
1398 1195 1560 1260 dictorum
1659 1213 1661 1276 j

428 1299 569 1365 hostium
585 1306 772 1364 nostrorum
788 1321 846 1365 nos
863 1301 897 1365 in
914 1298 1038 1366 Tuscos
1054 1323 1298 1386 exponeremus,
1321 1303 1376 1368 sed
1392 1304 1560 1384 nescimus,
1659 1317 1661 1368 1

428 1407 546 1491 quibus
563 1407 728 1474 demeritis
746 1410 867 1473 uostris
884 1415 940 1474 aul
957 1409 1219 1477 Christianitatis
1244 1411 1435 1492 infortunio,
1453 1411 1561 1476 adhuc

428 1515 509 1581 nihil
524 1517 657 1599 aparuit
672 1523 705 1581 61
721 1538 795 1582 6666
811 1539 896 1582 6666
906 1517 1123 1583 certificamur
1137 1520 1205 1604 jam
1220 1520 1253 1584 in
1265 1518 1413 1585 Morevia
1429 1527 1464 1584 et
1481 1518 1561 1585 locis

428 1623 653 1708 adjacentibus
669 1625 765 1707 plura
782 1633 815 1690 et
831 1623 1012 1708 proditorie
1023 1625 1139 1692 etaliis
1149 1626 1253 1692 modis
1263 1629 1420 1694 attentari
1436 1628 1561 1711 cepisse

428 1732 472 1797 ad
487 1730 695 1798 obtinendum
712 1735 907 1799 munitiones
933 1743 1072 1818 nostras,
1097 1744 1131 1801 et
1146 1736 1348 1820 incipiendae
1372 1735 1561 1817 discordias,
1660 1801 1661 1806 ,

428 1863 490 1927 que
515 1839 671 1924 profecto,
697 1843 725 1906 si
750 1840 920 1928 adversarj
947 1844 1051 1908 nostri
1075 1843 1301 1910 intelexissent
1334 1867 1393 1910 nos
1416 1845 1560 1927 aliquem

428 1950 570 2016 favorem
601 1949 642 2016 ab
673 1951 732 2017 illa
764 1949 888 2018 Sancta
920 1951 1005 2019 Sede
1036 1952 1176 2019 habere:
1191 1956 1323 2020 minime
1348 1961 1561 2036 attentarent,
1659 1957 1661 2036 1

428 2079 537 2123 verum
554 2079 626 2122 eum
643 2060 723 2143 ipsis
738 2065 771 2125 et
782 2061 923 2144 jubileus
939 2061 1118 2144 promissus
1135 2063 1188 2142 sit,
1204 2062 1279 2128 licet
1305 2083 1365 2146 pro
1381 2061 1445 2128 fide
1462 2083 1560 2126 unam
1660 2091 1661 2096 ¹

428 2164 547 2232 scelam
572 2187 658 2249 equo
683 2187 746 2232 non
772 2169 949 2252 posuerint,
979 2170 1089 2253 potius
1120 2177 1234 2235 contre
1263 2169 1360 2236 fidem
1386 2177 1419 2236 et
1444 2169 1561 2237 Sedem

429 2272 655 2358 Apostolicam
681 2275 812 2341 fortiter
835 2278 1059 2360 pugnaverint,
1082 2284 1116 2342 et
1140 2299 1235 2359 nunc,
1250 2283 1410 2362 quantum
1426 2283 1562 2362 possunt

428 2388 538 2464 agant,
554 2389 662 2448 611166
678 2384 803 2448 nullum
828 2385 971 2450 favorem
997 2385 1146 2450 obtinere
1170 2389 1316 2470 potuisse
1342 2393 1490 2466 cernant,
1506 2387 1563 2451 illa

428 2489 588 2574 incipiunt
603 2498 636 2556 et
651 2492 766 2575 pejora
782 2491 936 2576 facturos,
950 2493 1045 2558 nobis
1062 2494 1281 2560 dubitandum
1295 2517 1361 2560 uon
1385 2500 1452 2575 est3
1479 2493 1562 2559 unde

428 2597 510 2664 nihil
525 2598 614 2664 aliud
631 2601 792 2666 cernimus
809 2601 904 2667 nobis
919 2603 1048 2684 reliqui,
1071 2604 1135 2668 nisi
1159 2609 1195 2668 ut
1220 2603 1246 2666 61
1270 2624 1335 2668 non
1350 2601 1562 2668 hahuerimus

428 2709 663 2793 protectionem
680 2717 712 2774 et
727 2711 907 2775 unitionem
923 2731 963 2776 66
978 2712 1188 2777 securitatem
1207 2711 1328 2777 totiens
1351 2710 1562 2795 postulatam,

430 2823 463 2881 et
487 2823 563 2900 post
587 2823 701 2883 tantas
732 2819 965 2903 suplicationes
990 2820 1109 2885 totiens
1133 2820 1345 2903 promissam:
1372 2841 1432 2884 nos
1463 2819 1561 2886 rebus
1659 2815 1661 2874 1

429 2925 551 2991 6661116
575 2925 811 3010 provideamus,
837 2929 916 3011 quia
940 2933 1105 3012 procerte
1123 2929 1206 2993 sciat
1230 2928 1335 2994 omnis
1351 2927 1457 3009 1161116,
1474 2927 1562 3012 quod
1660 2987 1661 3000 ,

429 3055 497 3116 nos,
514 3035 541 3098 si
557 3035 743 3118 poterimus,
759 3036 921 3102 nollumus
937 3037 1075 3120 perdere
1090 3037 1209 3120 Regna
1224 3041 1346 3116 nostra,
1362 3043 1394 3102 61
1411 3059 1485 3102 eum
1501 3038 1562 3102 hoc

430 3141 550 3206 6666111
566 3141 711 3207 derisum
727 3145 870 3208 omnium
895 3145 1070 3228 hominum,
1096 3151 1129 3210 61
1153 3145 1226 3209 ideo
1243 3145 1290 3209 sic
1305 3145 1479 3228 providere
1494 3151 1561 3210 stu·

429 3248 586 3330 dabimus,
602 3255 639 3314 ut
655 3252 862 3334 nonpossint
878 3254 981 3320 nostri
997 3254 1164 3339 adversarj
1186 3254 1325 3337 gloriari
1342 3262 1375 3320 et
1390 3262 1561 3338 reportare

429 3357 470 3421 de
486 3379 546 3422 sua
561 3359 687 3424 malitia
702 3359 839 3443 lucrum,
855 3369 889 3427 ct
905 3362 945 3428 de
961 3361 1022 3428 1166
1037 3361 1295 3446 protestabimur
1311 3365 1372 3428 1611
1392 3363 1513 3428 mundo
1529 3369 1562 3429 et

429 3485 605 3587 speramus,
621 3469 708 3551 quod
724 3470 832 3535 nullus
849 3493 926 3537 sane
942 3473 1060 3536 mentis
1087 3493 1146 3538 nos
1161 3473 1361 3556 inculpabit3
1387 3494 1464 3539 nam
1478 3474 1561 3540 bene

429 3573 463 3638 in
465 3573 654 3659 telligimus,
670 3585 795 3663 quanta
811 3579 906 3646 nobis
931 3582 997 3646 sint
1013 3581 1217 3664 expectanda
1243 3579 1390 3647 subsidia
1405 3583 1558 3664 realia,
1534 3603 1560 3647 61

429 3700 494 3747 uon
509 3683 669 3768 possimus
687 3687 755 3752 obt
731 3693 835 3752 1tne1e
851 3688 1002 3770 verbalia,
1019 3690 1218 3772 experientia
1228 3711 1358 3774 quoque
1373 3713 1432 3756 nos
1449 3691 1561 3756 ducuit

430 3813 517 3857 anno
534 3795 695 3878 superiori
720 3795 799 3880 quid
815 3799 962 3882 oppressi
978 3819 999 3862 a
1015 3819 1217 3884 quocumque
1234 3819 1365 3886 sperare
1381 3800 1432 3866 vel
1448 3820 1560 3883 expes

429 3905 502 3966 tare
518 3901 703 3969 debeamus.

536 4066 572 4131 (V
573 4068 691 4120 elenezer
705 4067 903 4134 ellamlrdnyv.)

914 4359 1074 4370 ——---

1659 3147 1661 3232 l
