3356 5266
672 325 768 388 1469.
1227 321 1288 383 121

150 509 204 566 tas
221 499 289 570 Sua
304 504 345 568 de
361 507 507 586 tempore
523 503 556 564 in
572 507 699 583 tempus
717 501 866 567 advisata
881 522 953 566 esse
979 501 1082 583 possit
1106 501 1147 564 de
1171 498 1289 564 delibe-

19 573 22 650 ἶ
150 611 334 676 rationibus
360 610 464 693 Regis
490 608 674 693 Hungaric,
690 609 732 674 de
753 609 871 693 quibus
890 607 959 674 Vos
976 607 1079 672 eidem
1106 606 1290 674 Secretario

151 720 306 784 noticiam
324 719 455 798 dabitis,
471 723 505 782 et
520 739 580 784 uos
597 736 724 800 quoque
749 716 936 800 intelligere
961 716 1165 782 occurrentia
1189 715 1290 799 possi-

150 848 231 906 mus,
248 833 280 891 et
295 825 466 892 notificare
483 825 653 909 Majestati
670 825 736 892 Sue
754 847 802 910 ea,
819 848 883 909 que
899 825 994 892 nobis
1010 825 1045 890 in
1070 824 1156 889 diem
1180 844 1288 888 occur-

149 941 235 1014 rent,
251 935 354 1000 donec
370 956 428 1000 uos
444 933 488 1000 ad
503 932 760 1017 Imperatoriam
786 932 1030 1000 Sublimitatem
1055 931 1156 998 Suam
1181 933 1288 998 mitta-

151 1065 223 1107 mus
240 1065 336 1108 uuum
353 1043 453 1108 alium
471 1041 645 1110 Oratorem
661 1049 820 1128 nostrum,
843 1049 877 1110 st
903 1041 1048 1107 siluerit
1071 1062 1161 1124 opus,
1178 1062 1290 1124 prore

151 1152 266 1233 aliqua
292 1151 492 1236 importasti,
508 1156 543 1216 et
558 1171 615 1218 vos
631 1152 764 1236 possitis
781 1174 854 1218 cum
870 1155 1145 1228 coutentamento,
1155 1154 1189 1213 et
1204 1147 1291 1216 buna

13 1261 24 1316 '-
151 1259 321 1325 voluntate
337 1259 447 1344 Regis,
464 1281 574 1324 sumus
591 1261 747 1340 contenti,
763 1265 800 1326 ut
815 1259 859 1325 ad
875 1259 1086 1343 Majestatem
1109 1257 1290 1342 predictam

151 1369 259 1434 redire
275 1369 416 1451 possitis.
427 1365 573 1432 Dimisso
590 1367 693 1449 igitur
703 1366 889 1434 Secretario
906 1371 1019 1432 nostro
1035 1388 1107 1430 curn
1123 1364 1290 1444 mandato,

151 1485 190 1543 ut
207 1477 240 1540 in
257 1476 343 1540 diem
367 1475 409 1540 de
435 1473 583 1540 omnibus
609 1475 810 1541 successibus
835 1498 895 1541 nos
923 1475 1025 1540 saciat
1048 1475 1212 1552 certiores,
1235 1463 1290 1538 ios

152 1583 400 1669 prosequamini
415 1584 481 1648 iter
500 1589 648 1648 nostrum
664 1583 696 1648 iu
714 1583 933 1667 Hungariam,
953 1589 987 1647 et
1002 1582 1111 1647 omnia
1137 1579 1290 1646 distincte

151 1699 186 1756 et
202 1691 449 1774 particulariter
465 1689 560 1755 nobis
576 1690 716 1770 scribite,
734 1696 770 1755 ut
795 1697 863 1756 tam
893 1690 992 1772 vobis,
1018 1712 1117 1773 quam
1141 1687 1290 1772 predicto

153 1798 340 1864 Secretario
365 1796 506 1862 scribere
532 1801 566 1862 et
591 1804 774 1881 opportune
802 1797 960 1864 mandare
987 1796 1155 1881 possimus
1182 1795 1228 1862 ut
1253 1820 1291 1861 ex

152 1929 240 1972 nunc
255 1911 385 1989 captum
402 1907 456 1987 sit,
472 1903 559 1989 quod
576 1929 648 1972 cum
666 1909 892 1992 suprascripto
909 1908 1052 1975 Oratore
1067 1909 1181 1971 nostro
1205 1906 1291 1970 mitti

152 2015 274 2080 debeat
289 2035 373 2078 unus
389 2035 428 2077 ex
439 2011 633 2098 Secretarijs
650 2016 771 2080 nostris
787 2038 846 2098 pro
863 2013 1064 2080 remanendo
1079 2011 1169 2097 apud
1184 2013 1291 2096 Impc·

152 2125 310 2189 ratoriam
328 2123 549 2206 Majestatem,
565 2143 624 2205 per
640 2122 732 2205 cujus
758 2121 900 2188 medium
927 2121 1112 2207 intelligere
1137 2125 1170 2186 et
1185 2119 1292 2186 notifi-

153 2255 229 2300 care
246 2230 407 2315 possimus
423 2250 470 2311 ea,
488 2230 601 2314 quein
618 2229 703 2297 diem
720 2237 904 2298 occurrunt.

154 2449 280 2515 Omnes
296 2443 524 2544 &BQ
533 2444 536 2485 ¹
586 2445 755 2513 Maturate
770 2446 947 2514 discessum
962 2453 1104 2513 vestrum
1125 2448 1167 2514 ab
1184 2447 1290 2530 Impe-

152 2557 280 2624 ratoria
296 2553 480 2637 Majestate,
495 2560 532 2618 ut
548 2555 614 2618 cito
631 2576 700 2619 esse
717 2557 850 2639 possitis
866 2556 909 2621 ad
927 2557 1067 2640 Regiam
1078 2555 1289 2640 Majestatem
1409 2597 1417 2608 ι

153 2664 337 2749 Hungarie,
354 2663 406 2726 cui
422 2661 509 2728 ultra
526 2685 575 2744 ea,
593 2685 655 2746 que
680 2664 714 2728 in
740 2670 850 2730 vestra
875 2666 1099 2730 commissione
1125 2665 1289 2728 continen-

152 2779 217 2852 tur,
233 2770 398 2837 declarate
415 2771 590 2836 maximam
607 2774 890 2854 opportunitatem
915 2780 949 2838 et
974 2773 1175 2838 occasionem
1199 2769 1289 2836 obla-

153 2887 223 2944 tam
240 2878 410 2961 Majestati
426 2875 501 2958 Sue,
526 2877 708 2945 offendendi
735 2881 883 2948 inimicos
907 2882 1079 2965 presertim
1103 2880 1137 2944 in
1161 2881 1289 2962 provin-

153 2990 205 3055 oia
221 2987 368 3067 Bossine,
383 3008 446 3069 que
462 2987 504 3052 ab
521 2988 586 3053 illis
602 3010 685 3072 pene
702 2991 817 3054 relicta
833 2997 892 3070 est,
915 2991 957 3056 ob
981 2990 1172 3055 descensum
1197 3010 1289 3080 suum

153 3097 197 3161 ad
215 3096 274 3160 has
290 3094 460 3161 inferiores
476 3101 596 3178 partes,
612 3097 802 3179 priusquam
820 3099 853 3161 in
869 3098 960 3163 illam
976 3097 1173 3181 provinciam
1198 3095 1288 3160 rede·

152 3209 220 3267 ant.
237 3203 361 3267 Iocirco
378 3202 513 3268 suadete
540 3208 574 3267 et
599 3202 776 3270 hortamini
802 3205 1013 3289 Majestatem
1038 3203 1230 3288 predictam,
1246 3205 1289 3269 ad

152 3308 349 3376 mittendum
366 3331 406 3374 ex
434 3309 536 3393 oopijs
553 3312 619 3376 suis
639 3311 728 3378 ultra
753 3313 844 3394 aliae,
870 3335 951 3396 quas
975 3313 1009 3377 in
1026 3312 1166 3380 Bossina
1180 3311 1289 3390 habet,

151 3441 212 3503 pro
229 3417 420 3502 occupanda
435 3419 602 3501 provincia
618 3421 698 3502 ipsa,
715 3425 749 3486 et
765 3421 967 3488 excludendo
990 3420 1130 3486 reditum
1146 3419 1287 3485 hostium

150 3530 186 3591 in
202 3527 303 3606 illam,
319 3525 385 3590 sive
401 3525 526 3610 aliquid
543 3527 634 3593 aliud
659 3527 795 3611 dignum
821 3537 855 3594 et
880 3529 1090 3596 memorabile
1105 3527 1288 3594 faciendum

152 3636 187 3700 in
203 3641 298 3700 tanta
315 3634 514 3700 comoditate
530 3641 563 3700 et
579 3637 825 3719 opportunitate
841 3659 951 3704 rerum
967 3645 1000 3703 et
1015 3644 1206 3721 temporum.

262 3739 299 3806 Si
314 3739 421 3826 Regia
436 3741 597 3826 Majestas
623 3745 656 3808 in
682 3746 821 3810 materia
847 3745 934 3812 Bani
950 3741 1045 3829 Olisij
1072 3766 1144 3810 cum
1168 3745 1289 3810 nostris

151 3848 349 3916 Rectoribus
364 3846 543 3930 Dalmatie,
559 3858 593 3916 ct
608 3856 783 3938 presertim
803 3877 876 3920 cum
893 3852 1020 3921 Oomite
1037 3851 1180 3920 Sibenici
1200 3855 1289 3937 quio-

153 3981 251 4043 quam
269 3956 361 4024 vobis
377 3957 510 4042 diceret,
524 3959 564 4026 de
575 3961 643 4026 sale
661 3967 794 4046 accepto
811 3985 870 4047 per
888 3963 1025 4028 eundem
1043 3961 1203 4028 Comitem
1219 3982 1290 4027 nos·

151 4073 249 4148 trum,
266 4065 374 4149 dicite,
391 4067 478 4151 quod
506 4071 585 4134 estis
601 4069 800 4138 certissimus
831 4079 989 4138 rectorem
1009 4072 1115 4154 ipsum
1131 4076 1289 4150 nostrum,

151 4176 208 4260 qui
224 4173 346 4258 optime
362 4180 472 4241 nostre
488 4177 677 4244 intentionis
694 4199 774 4263 erga
789 4180 998 4264 Majestatem
1021 4199 1114 4244 susm
1130 4185 1163 4244 et
1178 4178 1288 4244 subdi-

150 4290 203 4352 tos
221 4284 291 4369 ejus
307 4289 357 4350 est
378 4285 583 4368 informatus,
609 4288 690 4354 nibil
713 4288 827 4355 fecisse
853 4288 995 4354 alienum
1020 4286 1061 4352 ab
1087 4287 1233 4369 equitate
1256 4293 1288 4352 et

151 4392 335 4474 honestate,
350 4398 384 4459 et
400 4395 489 4478 quod
504 4395 657 4463 nilminus
674 4397 822 4464 scribetis
833 4402 944 4463 nostro
953 4395 1106 4462 Dominio
1124 4402 1159 4460 et
1174 4395 1288 4462 habita

148 4501 346 4597 particulari
375 4501 605 4572 informatione
630 4505 670 4573 de
687 4528 723 4573 re
739 4505 807 4592 illa,
823 4505 1092 4592 respondebimus
1116 4502 1287 4602 Msjestati
