3336 5252
389 303 453 367 342
742 316 976 363 nrrnouscmsr
991 302 1160 365 suranus.

386 481 467 548 talia
481 479 572 546 breri
588 477 785 560 audituram,
802 498 865 563 que
882 479 999 545 merito
1016 483 1118 544 totam
1136 474 1359 544 Christianam
1374 475 1520 562 Religio-

387 611 459 654 nem
477 585 698 653 delectabunt.

495 697 562 762 Pro
592 695 702 760 Bullis
734 715 863 778 quoque
895 695 970 775 illis,
1002 716 1084 777 quas
1110 692 1233 760 Vestra
1263 693 1433 765 Sanctitas
1464 693 1522 758 mi·

388 805 470 870 sisse
498 826 531 870 se
563 803 652 886 dicit,
677 803 775 868 etiam
801 804 925 886 gratias
953 802 1137 886 singulares
1152 802 1256 868 eidem
1273 801 1393 868 Vestre
1423 799 1523 867 Sanc·

387 912 476 979 titati
501 932 573 997 ago,
600 911 772 994 presertim
798 910 825 976 si
847 911 944 995 juxta
968 910 1135 996 postulata
1161 932 1234 975 mea
1258 911 1411 991 existunt,
1441 929 1523 993 quas

389 1023 415 1087 si
447 1021 536 1105 prius
570 1021 721 1100 misisset,
754 1019 855 1084 multo
890 1020 1049 1086 motiones
1082 1027 1116 1086 et
1148 1020 1363 1102 turbationes,
1394 1040 1459 1101 que
1490 1019 1525 1085 in

389 1129 456 1195 illis
472 1127 658 1214 regionibus
675 1133 745 1193 orte
763 1135 845 1211 sunt,
863 1128 1004 1194 cohibito
1021 1129 1212 1210 fuissent,et
1228 1149 1289 1211 ego
1306 1133 1423 1210 gentes
1439 1126 1527 1208 illas,
1654 1149 1657 1162 ¹

391 1261 471 1324 quas
490 1238 534 1304 ad
559 1237 724 1304 custodias
742 1235 886 1304 diversas
904 1238 1031 1321 reliqui,
1047 1261 1171 1304 mecum
1196 1238 1313 1304 ducere
1338 1238 1526 1322 potuissem.

391 1347 494 1432 Spero
511 1354 628 1427 tumen,
646 1345 733 1429 quod
750 1345 788 1429 si,
805 1351 842 1410 ut
858 1348 999 1430 promisi,
1022 1347 1116 1431 juxta
1141 1348 1245 1431 petita
1272 1369 1345 1413 mea
1369 1347 1526 1428 existunt,

390 1457 497 1522 adhuc
512 1457 631 1523 bonum
648 1453 790 1520 fructum
807 1475 922 1538 parere
937 1461 1101 1539 poterunt.
1119 1454 1215 1539 Quod
1232 1455 1371 1539 deniqne
1398 1452 1528 1520 Sancti-

392 1573 443 1633 tas
460 1563 584 1632 Vestra
600 1563 770 1648 scripserit
785 1562 882 1629 letari
908 1572 941 1631 et
968 1565 1041 1630 aliis
1067 1565 1269 1650 principibus
1296 1587 1356 1650 pro
1373 1565 1528 1631 observa-

393 1674 480 1741 tione
495 1676 691 1758 treugarum,
718 1673 787 1738 sine
813 1695 878 1756 qua
903 1673 1103 1758 impossibile
1120 1673 1199 1739 mihi
1216 1679 1304 1740 esset
1319 1673 1488 1740 absentari
1507 1697 1529 1740 a

393 1783 519 1867 Regnis
535 1784 624 1864 meis,
640 1782 738 1848 etiam
755 1783 880 1867 gratias
900 1804 962 1867 ago
978 1778 1099 1852 Vestre
1114 1782 1301 1866 Sanctitati,
1325 1804 1530 1867 quamquam
1655 1843 1657 1866 ,

391 1893 439 1958 uti
456 1892 610 1974 intellexi,
621 1891 723 1959 Cesar
739 1893 809 1976 ipse
825 1891 906 1958 illud
923 1898 1031 1976 negat,
1042 1892 1130 1976 quod
1146 1891 1189 1957 ad
1205 1913 1256 1957 me
1271 1915 1332 1977 per
1348 1893 1530 1977 quemdam
1656 1905 1657 1944 ἒ

394 2002 571 2086 principem
582 2003 691 2084 magni
708 2001 783 2066 fidei
801 2007 835 2067 et
851 2001 1013 2086 opinionis
1031 2001 1175 2066 delatum
1197 2007 1255 2084 cst,
1265 2001 1409 2068 libenter
1425 1999 1530 2082 rideo,

394 2107 482 2194 quod
498 2132 562 2176 non
579 2109 629 2192 sit,
646 2115 679 2176 et
695 2109 803 2194 siquid
820 2115 877 2177 aut
894 2111 955 2176 fuit
971 2116 1029 2176 aut
1053 2110 1202 2176 futurum
1226 2117 1308 2191 erat,
1325 2132 1422 2194 spero
1440 2109 1530 2193 quod

394 2217 574 2287 admonitio
591 2217 711 2288 Vestrc
736 2217 930 2286 Sanctitatis
955 2219 1094 2285 multum
1119 2219 1277 2304 proderit,
1297 2241 1398 2302 quum
1425 2221 1531 2284 omni·
1655 2199 1657 2256 l

394 2332 508 2412 potens
540 2326 630 2393 Deus
654 2326 847 2395 incolumem
874 2329 1026 2412 regimini
1051 2327 1186 2394 ecclesie
1212 2328 1264 2412 pie
1290 2325 1412 2393 Sancte
1428 2327 1532 2410 longa
1655 2327 1657 2380 3

394 2460 452 2522 per
468 2442 616 2521 tempora
631 2457 825 2504 conservare
841 2436 1001 2522 dignetur.
1017 2439 1142 2504 Datum
1159 2437 1192 2501 in
1219 2435 1389 2502 obsidione
1416 2435 1533 2502 Castri
1654 2439 1657 2526 ζ

396 2545 501 2613 Sabas
518 2545 566 2612 ΙΙ.
583 2544 635 2611 die
646 2544 821 2632 Februarij
833 2543 1161 2613 MOOOOLXXVI.
1172 2543 1360 2627 Regnorum
1378 2565 1532 2611 meorum
1655 2551 1657 2568 ¹

395 2679 480 2723 anno
495 2655 670 2740 Hungam'e
687 2661 747 2720 etc.
766 2659 815 2721 18.
831 2655 987 2722 Bohemie
1004 2677 1080 2721 vero
1098 2655 1246 2738 septimo.
1655 2649 1657 2684 ³

441 2763 479 2830 B.
496 2763 538 2833 V.
555 2761 751 2831 Sanctitatis
1045 2761 1180 2828 devotus
1197 2761 1283 2826 filius

844 2871 999 2954 Malliana,
1015 2871 1077 2938 Dei
1094 2871 1203 2956 gratia
1219 2867 1293 2934 Rex
1308 2870 1484 2955 Hungarie

1048 2979 1204 3046 Bohemic
1222 2982 1282 3045 etc.

507 3090 635 3150 (uranu
649 3090 809 3154 aramius.)

928 3506 1001 3569 236.

401 3669 494 3734 1476.
520 3670 651 3754 Ma'tycis
676 3668 791 3754 kirdly'
814 3668 950 3754 adpolyi
973 3669 1090 3733 amarer
1116 3668 1255 3735 Szcddcs
1278 3669 1471 3734 outromdro'l
1497 3669 1536 3732 'e's
1656 3655 1657 3680 ³

537 3799 577 3841 az
592 3777 700 3841 e'rlcezd
716 3777 806 3841 rorok
822 3777 926 3864 seqtly
941 3777 1203 3842 visszauertse'rct
1219 3778 1391 3862 ritdostrja.

505 3934 610 4021 Copia
625 3936 798 4003 literarum
816 3935 1019 4005 Serenissimi
1037 3937 1141 4020 Regis
1165 3936 1337 4022 Hungarie
1353 3947 1413 4008 ect
1429 3941 1535 4026 scrip·

398 4052 505 4110 tarum
519 4043 680 4111 Rev-dmo
697 4045 795 4112 D-no.
813 4045 949 4116 Oratori
966 4043 1196 4129 Neapolitano.
1656 4039 1657 4048 ¹

507 4151 788 4220 Reverendissime
817 4154 926 4220 Pater.
952 4153 1004 4218 Ex
1029 4175 1094 4238 quo
1118 4155 1210 4238 cupit
1234 4155 1317 4220 scire
1343 4154 1534 4223 Paternitas
1655 4175 1657 4252 ς

399 4258 523 4326 Vestra
547 4263 711 4327 novitates
737 4262 777 4327 de
803 4261 906 4346 nobis,
933 4264 1020 4328 sciat
1046 4263 1135 4344 quod
1159 4262 1308 4330 hesterno
1334 4263 1387 4329 die
1404 4263 1533 4349 Alibeg
1655 4253 1657 4290 ³

400 4393 472 4437 cum
489 4368 644 4453 Vajvoda
659 4369 821 4454 Sachibeg
838 4392 876 4436 ac
892 4370 966 4437 aliis
984 4372 1129 4455 quinque
1145 4369 1304 4456 Vajvodis
1321 4371 1532 4458 advenerant,

402 4499 592 4563 omnemque
609 4479 735 4564 copiam
751 4479 963 4565 Imperatoris
981 4480 1161 4548 Tuscorum
1188 4484 1257 4546 tam
1273 4482 1437 4565 equitatus
1461 4489 1535 4550 tam
1656 4469 1657 4472 ¹
