3336 5258
679 355 773 448 iera
1221 355 1285 450 eal

262 560 440 646 Magnifice
450 561 535 630 Viro
545 561 646 626 Petro
663 560 777 646 Vurep
788 559 945 645 Vayrode
961 563 1164 628 transilvano
1180 564 1286 629 amico

151 669 269 735 devoto
285 675 346 735 etc.

261 775 351 842 It-do
368 777 402 842 in
419 776 521 842 (lh-to
537 775 625 860 patri
641 775 667 840 I.
685 775 836 859 episcopo
852 772 1023 842 Varadino
1040 778 1144 842 amico
1160 783 1219 843 etc.

259 884 438 970 Magnifice
455 885 538 954 Viro
556 883 659 950 Tobie
676 883 717 948 de
733 884 948 967 Nigromonte
966 885 1069 949 amico
1086 893 1145 952 eto.

259 994 437 1077 Magnifico
443 991 527 1062 Viro
535 992 1152 1079 TomeFarchasSeremissimeRegine
1165 995 1286 1078 hung-e

150 1102 306 1188 copperio
326 1101 430 1168 amico
447 1108 506 1168 eto.

264 1209 443 1291 Magnifico
460 1209 543 1276 Viro
560 1209 664 1275 Petro
681 1209 782 1293 Pernj
800 1209 916 1294 baronj
936 1210 1042 1276 amico
1058 1217 1120 1277 etc.

260 1316 441 1402 Magnifice
457 1315 541 1383 Viro
558 1316 658 1382 Moisi
681 1316 796 1382 baroni
813 1316 1006 1384 Camerario
1023 1317 1142 1385 Ser-mi
1157 1319 1284 1404 Regina

151 1427 274 1509 hung-e
290 1429 396 1490 amico
412 1430 472 1490 etc.

258 1533 422 1617 Expedite
446 1539 480 1598 et
504 1533 627 1598 tradite
650 1532 784 1598 suerunt
808 1534 937 1618 prefato
964 1533 1082 1600 Garsie
1104 1541 1122 1601 5
1141 1537 1205 1604 alie
1230 1537 1281 1602 lit·

150 1650 222 1710 tere
251 1642 393 1709 eiusdem
412 1641 524 1724 forme,
550 1641 759 1726 incipientes:
784 1641 962 1725 Magnifice
987 1648 1046 1708 etc.
1073 1645 1142 1708 siue
1174 1667 1286 1730 supra·

149 1753 337 1836 scriptione.

260 1953 319 2015 (Gr.
328 1951 462 2002 Archivio
475 1952 502 2001 di
510 1943 618 2014 Napoli.
629 1949 683 2000 Ull.
693 1950 752 2000 Pol.
763 1949 890 2012 Registra
904 1949 1004 2002 Oui-iae
1017 1953 1187 2004 Summariae
1200 1970 1286 2007 anno·

150 2059 215 2095 rum
231 2045 538 2095 1475-78.t0m.xl1.
552 2043 621 2096 solio
635 2041 708 2102 209.)

640 2217 799 2226 --—-—=

684 2463 758 2523 262.

153 2639 249 2704 1479.
276 2637 301 2703 Α
328 2638 482 2704 veleuczet'
513 2639 733 2704 cillomtoodce
758 2637 865 2704 Diade
891 2637 987 2702 Peter
1016 2641 1284 2726 mapparorazdpl

150 2748 267 2812 tereret
298 2749 450 2830 utoeitjo,
474 2749 555 2832 bopy
586 2771 607 2812 o
633 2748 775 2811 torrebat
806 2747 902 2812 toton
933 2747 1020 2810 otta
1051 2747 1143 2811 birlll
1176 2748 1285 2833 adja;

149 2879 171 2918 o
198 2855 322 2941 leapyel
350 2855 610 2942 orsadppplilc'ara
635 2879 673 2918 oe
697 2857 822 2939 merjan
848 2856 880 2918 e'e
908 2879 928 2918 a
961 2855 1139 2919 scardonai
1170 2866 1283 2944 torooy

559 2964 688 3049 epite'sc't
704 2964 883 3048 r'ndckolja.

150 3137 539 3209 MCOOCLXXVIIII.
555 3140 609 3207 die
626 3139 762 3208 XXVI.
780 3141 906 3224 Martij.

150 3265 325 3352 Sapientes
341 3265 477 3349 Consilij
685 3266 747 3333 Ser
762 3265 864 3332 Petro
879 3265 997 3348 Diedo,
1020 3267 1155 3334 Oratori
1172 3277 1284 3336 nostro

151 3374 324 3459 Sapientes
340 3384 427 3440 terre
444 3375 544 3440 terme
639 3375 672 3439 in
689 3374 875 3457 Hungaria.

259 3487 438 3566 Postremo,
454 3507 536 3569 quas
553 3507 573 3550 a
588 3483 679 3548 vobis
698 3486 891 3566 accepimus
903 3489 977 3548 sunt
987 3481 1051 3548 diei
1061 3483 1148 3551 XII.
1160 3485 1291 3551 instan-

151 3594 195 3658 tis
213 3599 246 3658 et
261 3615 321 3676 per
337 3593 412 3658 illas
429 3592 583 3658 certiores
599 3590 678 3656 lacti
694 3612 804 3658 sumus
821 3612 877 3655 vos
894 3591 1041 3656 nuntium
1068 3592 1158 3675 pacis
1174 3601 1286 3660 nostre

149 3721 225 3765 cum
256 3699 363 3767 'lurco
394 3699 558 3784 accepisse
592 3721 631 3765 ex
662 3699 769 3764 literis
801 3701 949 3783 privatis,
981 3699 1142 3764 Zanetum
1175 3709 1286 3768 autem

149 3807 360 3873 tabellarium
383 3829 454 3872 cum
481 3807 602 3873 nostris
619 3807 663 3872 nd
679 3829 735 3873 vos
751 3808 856 3872 literis
881 3805 1024 3872 nondum
1041 3809 1217 3892 appulisse,
1234 3811 1286 3876 cui

149 3917 266 3981 literas
282 3919 371 4000 ipsas
387 3915 627 3982 nostrassuisse
644 3915 677 3980 in
694 3917 810 3981 itincre
826 3923 977 3999 arreptas
993 3935 1052 3999 per
1069 3916 1188 3982 bonam
1199 3919 1285 3985 riam

148 4023 389 4106 intelleximus;
415 4029 448 4088 et
472 4031 647 4107 propterea
672 4023 747 4089 illas
776 4023 905 4089 easdem
931 4023 1084 4107 replicari
1109 4046 1182 4089 cum
1213 4026 1286 4091 istis

146 4131 312 4216 jussimus,
329 4130 444 4196 breves
461 4129 647 4212 admodum,
665 4138 697 4196 et
713 4133 952 4198 conclusionem
969 4131 1059 4215 pacis
1076 4131 1178 4214 ipsius
1196 4133 1287 4198 dum-

148 4245 245 4304 taxat
271 4237 486 4322 declarantes,
512 4240 659 4322 quamvis
685 4261 818 4304 oausam
845 4261 908 4303 uon
933 4238 1063 4303 omnino
1091 4238 1286 4320 siluerimus,

148 4345 380 4430 turbationem,
406 4369 430 4413 a.
456 4348 591 4431 impiam
619 4354 653 4414 et
678 4347 882 4414 inhonestam
908 4347 1000 4430 pacis
1025 4347 1132 4426 Italie,
1149 4348 1207 4413 sed
1233 4369 1287 4415 vos

148 4455 327 4540 prudenter
353 4456 569 4542 supplevistis,
586 4462 619 4520 et
646 4478 710 4523 non
737 4458 838 4522 solum
864 4455 949 4522 hano
974 4476 1114 4538 causam,
1131 4455 1187 4522 sed
1203 4455 1288 4522 alias

150 4565 252 4630 etiam
269 4562 456 4647 explicastis
472 4563 620 4632 efficaces
648 4572 681 4631 et
707 4587 810 4648 veras,
828 4587 892 4648 que
918 4587 976 4630 nos
1002 4564 1045 4630 nd
1064 4565 1170 4648 ipsam
1185 4565 1289 4649 impu·

1122 4673 1181 4726 as*
