3356 5266
581 385 583 390 ,
670 349 767 426 1469.
826 427 829 433 ,
982 345 986 352 ’
1219 350 1281 424 rar

154 542 266 626 tionis,
283 543 504 627 obligantibus
524 543 606 627 ipsis
622 541 778 608 Dominio
793 545 916 620 nostro,
941 561 1051 606 ornnes
1067 540 1155 607 illius
1171 541 1283 607 introi·

148 661 211 738 tus,
238 674 320 736 quos
345 674 404 718 nos
429 673 487 735 per
510 651 684 732 consulem,
701 651 768 714 sive
785 650 886 715 alium
903 651 1088 733 quempiam
1106 649 1282 716 officialem

146 769 307 844 nostrum,
323 749 415 826 ad'id
430 781 488 843 per
506 779 563 823 nos
580 757 802 842 deputandum
819 758 905 842 exigi
920 757 1029 823 facere
1045 760 1214 842 possimne,
1227 760 1282 824 do-

149 891 212 936 nec
227 871 353 953 integre
370 867 412 932 de
429 867 577 951 predicto
595 873 708 932 mutuo
727 865 888 932 satisfacti
906 867 1033 931 erimus.

258 977 314 1042 Ad
330 977 523 1062 petitionem
540 976 768 1058 munitionum,
785 998 896 1040 sumus
913 975 1010 1040 etiam
1038 976 1182 1042 contenti
1206 977 1281 1043 illas

146 1088 212 1153 sibi
229 1088 308 1153 dare
325 1088 394 1152 sine
410 1087 554 1170 presenti
571 1085 801 1151 exbursatione
817 1085 1045 1171 pecuniaram;
1071 1084 1127 1150 sed
1144 1107 1199 1151 eas
1226 1109 1281 1152 nc-

145 1197 199 1261 bis
215 1201 329 1280 postea
344 1195 449 1260 solvet
464 1217 522 1277 per
538 1195 612 1259 illos
629 1194 793 1275 terminos,
809 1215 871 1276 que
890 1191 1012 1258 suerint
1022 1193 1152 1258 honesti
1163 1198 1195 1258 at
1205 1215 1281 1260 con-

145 1305 237 1370 venti
253 1304 339 1368 inter
355 1324 423 1368 noa.

258 1411 313 1477 Ad
338 1411 530 1496 petitionem
556 1411 650 1496 galee
677 1409 823 1491 dicimus
850 1410 938 1493 quod
974 1411 1198 1476 existimamus
1239 1411 1282 1476 ad

144 1521 349 1604 propositum
367 1543 475 1586 rerum
492 1541 625 1586 suarum
642 1518 729 1585 etad
740 1519 981 1603 impetrandam
992 1519 1122 1584 facilius
1138 1518 1280 1603 Regiam

145 1629 457 1710 reconciliacionem,
474 1651 537 1694 non
555 1628 691 1712 prebere
706 1629 736 1692 ei
754 1628 898 1711 aliquam
925 1629 1058 1713 majoris
1084 1629 1280 1711 indignatio·

146 1741 200 1803 nis
217 1740 394 1819 materiam,
411 1739 494 1803 siout
509 1739 703 1821 preberetur
720 1759 760 1802 ex
776 1737 928 1804 missione
945 1738 1092 1802 triremis
1109 1741 1230 1819 nostre,
1247 1743 1280 1802 et

145 1869 189 1914 ex
213 1849 300 1914 omni
324 1852 437 1913 nostra
463 1847 739 1913 demonstratione
767 1853 883 1912 contra
908 1868 961 1928 se,
976 1853 1150 1930 propterea
1166 1846 1281 1912 suade-

142 1977 228 2040 mus,
252 1963 289 2021 ut
313 1957 402 2022 omni
428 1954 574 2040 placibili
600 1961 634 2020 et
660 1955 756 2038 dulci,
783 1955 992 2037 humanoque
1024 1954 1120 2021 modo
1153 1959 1281 2020 tentent

145 2066 367 2148 concordium,
392 2085 464 2128 cum
489 2063 577 2128 omni
602 2083 681 2146 erga
707 2063 832 2146 Regem
848 2063 1030 2128 reverentia
1046 2069 1079 2128 et
1105 2062 1281 2127 summissi-

145 2196 229 2256 one;
254 2179 287 2239 et
311 2195 375 2239 non
400 2177 539 2256 querant
555 2171 656 2237 aliam
671 2171 955 2254 impresentiarum
971 2173 1150 2238 novitatem
1167 2171 1220 2235 via
1236 2172 1279 2236 vi·

144 2281 242 2362 rium,
268 2282 324 2346 sed
349 2288 468 2348 tamen
483 2281 556 2345 loca
582 2301 642 2345 sua
670 2279 845 2362 diligenter
862 2278 1051 2347 custodiant
1067 2285 1100 2344 et
1114 2283 1279 2360 tueantur,

145 2391 232 2455 sicut
246 2389 351 2474 pridie
367 2387 615 2472 Magnifieeucie
631 2408 689 2452 sue
707 2386 856 2452 diximus.

256 2497 312 2566 Ad
327 2497 543 2564 bombardam
559 2517 653 2562 suam
669 2495 879 2580 rejiciendam
896 2494 965 2580 fiat,
982 2503 1018 2562 ut
1033 2497 1164 2580 petitur.

254 2608 306 2673 De
322 2607 516 2674 victualibus
540 2604 787 2690 respondeatur,
813 2604 902 2688 quod
929 2625 1042 2670 sumus
1069 2606 1170 2670 etiarn
1204 2625 1279 2669 con-

143 2715 240 2799 tenti,
264 2722 301 2782 ut
326 2739 366 2782 ex
392 2715 523 2800 Apulia,
549 2715 691 2798 Aprutio
718 2721 752 2778 et
778 2711 1003 2778 Romandiola
1029 2713 1183 2780 extrahat
1207 2713 1278 2796 ipse

145 2821 266 2890 (lomes
281 2825 448 2891 Martinus
465 2823 602 2908 petitam
618 2822 837 2906 quantitatem
856 2819 1020 2886 frumenti.

258 2932 305 2998 ut
322 2932 360 2997 de
375 2932 473 2997 terris
490 2937 523 2997 et
539 2930 621 2996 locis
637 2931 760 2994 nostris
777 2929 954 2994 scribemus
971 2929 1070 2995 etiarn
1082 2928 1278 3014 quibuscun-

146 3061 211 3122 que
226 3038 420 3107 Reotoribus
437 3041 566 3123 nostris,
581 3045 619 3104 ut
631 3041 729 3124 juxta
747 3039 1002 3122 uniuscujusque
1018 3039 1082 3104 loci
1109 3036 1279 3104 abundan-

144 3147 235 3233 tiam,
249 3151 299 3215 vel
315 3149 541 3236 indigentiam,
558 3156 590 3214 et
607 3155 731 3232 quanto
751 3149 909 3218 seoretius
925 3147 996 3213 fieri
1012 3154 1128 3232 potest,
1143 3149 1278 3233 permit·

145 3264 221 3324 tant
247 3257 409 3341 prefatum
433 3255 593 3323 Comitem
619 3257 795 3322 extrahere
820 3255 975 3322 victualia
1005 3275 1064 3340 pro
1097 3255 1279 3323 substenta·

147 3371 257 3432 mento
272 3367 416 3434 locorum
432 3387 572 3449 suorum,
588 3386 648 3450 per
666 3366 809 3450 speciem
825 3365 996 3450 presertim
1008 3371 1041 3430 et
1050 3366 1109 3431 sub
1126 3371 1280 3449 pretextu

145 3474 372 3556 'l'urchorum3
388 3481 421 3540 et
438 3475 526 3540 circa
542 3473 770 3540 inhibitionem
787 3473 975 3539 victualium
994 3471 1137 3558 Segnam
1160 3475 1280 3540 condu-

145 3584 336 3667 oendarum,
352 3583 443 3667 loqui
457 3605 516 3666 per
533 3579 715 3666 Collegium
732 3582 861 3663 debeat,
878 3583 962 3648 sicut
977 3587 1195 3665 opportunum
1212 3581 1279 3649 fue·

127 3692 199 3773 ·rit,
217 3697 252 3757 ut
268 3687 405 3757 materia
419 3691 487 3772 illa,
506 3691 557 3756 eui
573 3691 655 3755 satis
674 3689 872 3756 sufficienter
886 3690 954 3774 jam
966 3692 1133 3774 provisum
1148 3698 1206 3772 est,
1223 3693 1279 3758 ali·

96 3847 117 3890 Ι.
144 3805 198 3865 ter
215 3799 248 3865 iu
263 3800 445 3884 representi
462 3820 526 3865 non
543 3799 724 3864 misceatur.
743 3799 790 3864 Et
814 3799 895 3862 fiant
920 3797 1029 3863 littere
1057 3805 1126 3865 tam
1152 3801 1279 3884 priores

144 3913 308 3992 patentes,
325 3929 424 3992 quam
440 3909 501 3974 iste
517 3908 733 3992 particulares
748 3901 791 3972 ad
806 3907 965 3972 Rectores
982 3913 1111 3973 nostros
1123 3907 1279 3973 valituros

146 4035 276 4082 menses
292 4037 355 4082 sex.

256 4118 307 4192 De
323 4131 420 4211 parte
469 4122 543 4190 161.

259 4226 311 4300 De
327 4257 390 4301 non
513 4237 541 4298 8.

256 4341 332 4408 Non
349 4342 465 4408 sinceri
515 4347 542 4405 7.

255 4470 411 4532 (Velenozei
424 4468 601 4531 allamkonyv
616 4471 658 4517 85.
674 4469 703 4530 l.)

190 4710 294 4752 ΙΟΗῙῙΙ.
310 4713 393 4754 HUNG·
410 4714 479 4751 mer.
495 4723 539 4736 ····
555 4713 624 4750 ACTA
640 4716 701 4750 ΒΚΤ·
718 4711 745 4750 V.
