3336 5258
715 367 810 431 1479.
1258 371 1325 434 403

182 545 323 612 nitatem
350 544 449 612 Suam
484 543 641 630 provexit,
667 550 700 610 et
726 546 766 611 de
793 545 887 611 uobis
912 537 1086 631 promittat
1118 554 1150 612 et
1182 545 1325 615 affirmet

182 661 314 722 tantum
339 677 359 720 a
386 653 598 739 dispositione
623 675 681 721 nos
709 654 785 720 belli
810 656 936 738 abesse,
961 651 1187 739 quod'paoem
1212 677 1323 724 sumus

182 763 254 830 loco
270 764 418 852 precipui
434 765 579 830 muueris
606 771 639 830 et
663 766 771 848 gratie
797 764 942 830 habituri
966 771 999 829 et
1014 763 1225 849 recognituri,
1242 768 1321 850 quo-

181 873 280 940 modo
298 872 370 939 dari
387 871 509 941 afflicte
526 857 623 939 Italic
638 874 734 952 velit3
750 879 785 939 et
800 873 931 958 quaudo
948 874 1082 940 taudem
1099 875 1212 956 nolint,
1226 895 1320 959 repu-

181 981 325 1047 tabimus
342 983 375 1047 id
390 983 559 1066 provenire
576 981 845 1049 avoluatateDei
862 983 895 1046 in
912 982 1090 1048 vindictam
1107 988 1141 1047 et
1156 983 1319 1050 ulcionem

181 1095 372 1173 pecatorum
387 1096 575 1158 nostrorum
590 1098 624 1157 et
640 1091 790 1157 aliorum.

292 1196 390 1264 Circa
412 1198 583 1265 consilium
598 1199 809 1283 prestandum
819 1200 924 1282 Regie
937 1197 1143 1266 Sublimitati
1160 1195 1315 1266 vellemus

179 1329 277 1391 posse
302 1329 368 1373 nou
394 1308 498 1374 solum
524 1308 702 1389 consulere,
719 1306 777 1372 sed
803 1309 902 1373 etiam
916 1308 1031 1392 juvare
1046 1307 1185 1392 Regiam
1204 1306 1313 1374 Subli·

177 1417 324 1482 mitatem
342 1422 374 1481 et
390 1423 511 1482 statum
530 1415 630 1499 illius,
647 1416 809 1500 quomodo
825 1415 859 1480 id
883 1414 1073 1498 faceremus,
1089 1416 1193 1482 nihilo
1210 1415 1316 1481 illibe-

176 1524 279 1590 ralius
301 1530 357 1589 aut
373 1524 481 1589 minus
496 1531 656 1608 prompte,
673 1545 771 1608 quam
787 1524 935 1589 consueti
952 1544 1061 1588 sumus
1087 1546 1145 1609 per
1170 1545 1314 1590 amorem

178 1637 210 1696 et
227 1632 423 1698 charitatem
439 1633 472 1697 in
490 1653 522 1697 se
539 1638 696 1715 nostrum,
712 1639 745 1697 et
760 1654 817 1715 per
833 1628 1123 1698 comunicationem
1140 1640 1173 1698 et
1188 1633 1314 1700 confor-

176 1743 326 1807 mitatem
344 1741 512 1807 amborum
536 1747 688 1822 statuum,
706 1761 768 1824 quo
785 1741 956 1806 declarata
971 1741 1014 1806 ab
1030 1741 1077 1806 eis
1095 1741 1264 1808 verissima
1280 1751 1314 1808 et

175 1849 389 1915 immutabilis
416 1855 475 1914 est.
501 1847 567 1914 Sed
594 1848 702 1932 Regia
718 1846 909 1914 Sublimitas
935 1849 1180 1932 sapientissima
1207 1855 1264 1932 est,
1281 1857 1314 1916 et

177 1963 294 2024 cuncta
311 1957 476 2040 intelligit,
493 1979 555 2042 que
571 1979 630 2023 nos
656 1958 764 2025 dicere
788 1979 959 2042 possumus
976 1964 1009 2023 et
1024 1959 1123 2042 longe
1148 1959 1253 2042 plura,
1278 1965 1312 2025 et

175 2088 241 2132 non
259 2068 365 2133 miuus
382 2066 513 2134 fortiter
529 2073 562 2132 et
577 2069 792 2151 magnanime,
808 2089 907 2152 quam
924 2067 1089 2152 sapienter
1114 2067 1312 2150 gubernabit

173 2195 320 2240 resenas
346 2175 388 2240 ad
414 2175 582 2259 propriam
609 2183 642 2242 et
667 2195 836 2242 comunem
861 2176 1018 2258 salutem;
1044 2183 1077 2240 et
1101 2175 1212 2258 quoad
1243 2178 1311 2242 ani-

64 2348 65 2351 ,
171 2290 309 2350 muniet
328 2282 575 2368 dispositionem
599 2285 633 2349 in
660 2307 694 2350 se
720 2289 873 2368 nostrum,
898 2284 1000 2351 faciat
1025 2284 1065 2350 de
1090 2285 1183 2350 uobis
1209 2290 1243 2351 et
1270 2285 1309 2348 de

172 2393 320 2460 amicitia
336 2399 450 2459 nostra
466 2393 557 2460 illam
582 2393 854 2461 existimationem
881 2400 913 2458 et
937 2391 1106 2478 capitales,
1122 2414 1188 2476 quo
1203 2395 1309 2478 majus

172 2501 281 2568 lacere
297 2521 362 2566 nou
387 2509 498 2587 potest
522 2501 563 2568 de
588 2504 700 2588 aliquo
726 2505 791 2569 alio
817 2502 997 2569 christiano
1017 2501 1163 2586 principe
1179 2507 1237 2568 aut
1252 2523 1309 2586 po·

173 2615 313 2676 tentata.
339 2609 484 2694 Reliqua
500 2617 609 2677 autem
624 2609 753 2677 tribuat
768 2611 973 2695 presentibus
991 2631 1101 2676 rerum
1117 2610 1308 2676 conditioni·

174 2717 234 2784 bus
251 2723 284 2783 et
299 2719 495 2786 necessitati.
1046 2712 1049 2718 ’

279 2827 331 2894 De
366 2827 509 2894 aduentu
538 2829 705 2912 copiarum
729 2829 893 2911 regiarum
925 2827 968 2894 ad
1002 2834 1111 2912 partes
1143 2825 1303 2911 Segobrie

170 2941 202 3002 et
219 2934 381 3020 Orovatie,
398 2943 430 3001 et
445 2935 531 3002 forte
548 2936 646 3003 etiam
662 2957 803 3021 persona
814 2937 920 3022 Regie
936 2936 1132 3024 Majestetis,
1142 2943 1180 3002 ut
1196 2936 1305 3002 obstet

167 3043 351 3111 infidelibus
376 3050 550 3130 penetrare
575 3046 782 3114 molientibus
808 3047 842 3112 iu
867 3047 1038 3113 interiores
1063 3050 1175 3129 partes
1191 3040 1301 3128 Regni

166 3155 226 3234 sui,
244 3155 328 3219 sieut
343 3153 499 3236 proximis
516 3153 629 3220 diebus
645 3153 759 3236 fecere,
776 3176 848 3219 cum
874 3153 964 3238 gravi
989 3152 1084 3219 illato
1109 3151 1229 3217 damno
1246 3150 1301 3216 do-

165 3263 268 3328 lemus
285 3270 317 3328 et
334 3263 494 3348 angimur,
510 3269 593 3328 teste
609 3263 692 3346 Deo,
702 3284 740 3327 ex
757 3284 949 3347 quocunque
975 3267 1106 3346 recepto
1122 3259 1301 3327 incomodo.

165 3371 212 3436 ut
227 3374 300 3457 pari
316 3371 411 3437 modo
428 3393 487 3436 nos
504 3371 657 3436 molestat
674 3370 888 3454 quodcunque
905 3371 1085 3454 periculum
1095 3370 1173 3456 ejus,
1184 3373 1299 3434 contra

164 3481 252 3566 quod
269 3499 333 3562 quo
348 3479 448 3546 luerit
464 3479 570 3562 Regia
587 3476 666 3544 Sub.
680 3479 853 3543 excitatior
869 3484 902 3542 et
918 3479 1064 3558 erectior,
1081 3481 1175 3542 tanto
1191 3476 1297 3558 magis

163 3589 347 3674 sperabitur
363 3588 403 3653 de
419 3587 660 3655 consideratae
677 3585 769 3651 nobis
785 3586 943 3670 majorem
968 3586 1002 3650 iu
1018 3583 1149 3650 modum
1174 3583 1298 3648 incolu-

163 3699 278 3766 mitate
306 3719 365 3764 sua
389 3704 423 3764 et
447 3698 553 3764 tocius
569 3695 677 3779 Regni
703 3696 761 3776 sui,
788 3695 885 3760 sicuti
911 3699 944 3759 et
969 3693 1205 3778 propugnaculi
1222 3689 1297 3756 reli·

162 3829 300 3891 quorum
331 3806 594 3871 christianorum.
618 3805 665 3869 Et
691 3801 799 3886 quoad
816 3809 944 3886 partem
971 3805 1168 3867 commeatus
1185 3805 1218 3866 et
1233 3800 1296 3866 vio·

160 3917 298 3982 tualium
315 3913 576 3998 recipiendorum
591 3918 660 3978 tam
676 3933 697 3976 a
712 3913 793 3977 locis
808 3910 938 3989 nostris,
955 3931 1053 3992 quam
1069 3930 1127 3992 per
1143 3929 1234 3973 mare
1250 3907 1293 3974 ab

158 4023 276 4089 alienis
292 4030 325 4089 et
343 4025 414 4089 eot':
427 4020 519 4088 Loca
534 4027 647 4087 nostra
665 4019 790 4085 sterilia
815 4024 890 4083 suut
914 4023 948 4082 et
964 4038 1089 4101 semper
1105 4015 1296 4100 indigentia,

160 4138 194 4197 et
210 4139 341 4218 oportet
356 4137 393 4197 ut
409 4154 475 4198 non
498 4131 604 4196 solum
628 4129 762 4214 propria
779 4126 950 4208 industria,
977 4127 1032 4192 sed
1053 4147 1113 4211 ope
1140 4126 1238 4190 etiam
1262 4131 1297 4190 et

158 4241 281 4306 auxilio
298 4248 410 4307 nostro
426 4262 486 4325 pro
501 4240 620 4325 majori
635 4243 732 4322 parte
758 4237 834 4302 anni
854 4238 1008 4322 juventur
1034 4241 1066 4301 et
1092 4233 1295 4302 extrinsecus

159 4356 367 4436 comportato
393 4348 556 4414 frumento
582 4348 710 4427 vivant;
725 4367 784 4430 per
807 4367 898 4411 mare
924 4351 1042 4426 autem,
1059 4343 1205 4428 quamvis
1222 4342 1295 4408 civi·

159 4459 221 4524 tati
238 4459 408 4540 nostram
425 4479 490 4543 qua
506 4463 539 4522 et
555 4459 642 4522 cirea
659 4477 756 4540 quam
773 4454 856 4520 nihil
873 4455 977 4520 oritur
993 4452 1036 4519 ad
1053 4453 1173 4517 victum
1188 4449 1292 4520 bomi-

161 4587 237 4633 num
256 4566 441 4652 expediens,
467 4567 639 4652 permissio
667 4562 915 4630 transuectionis
932 4560 1105 4626 bladorum
1122 4558 1188 4624 alio
1204 4558 1293 4624 iaco-

1135 4667 1185 4717 ac*
