3356 5266
382 307 441 368 141
738 303 975 367 oreuonacmnr
993 307 1160 366 auridum.

376 483 463 548 illius
497 481 675 567 Majestate
707 482 853 547 consueti
878 503 997 562 sumus,
1023 501 1096 546 cum
1128 501 1167 544 ea
1198 477 1238 542 de
1270 474 1517 542 occurrentibus

376 591 592 672 commisere,
608 589 726 654 audire
743 589 833 653 illius
850 589 1054 665 sententiam,
1070 593 1103 652 et
1119 590 1265 651 nostram
1285 585 1394 650 dicere
1414 586 1518 668 possi-

376 721 458 780 mne,
475 705 508 764 et
524 698 574 765 illi
591 719 659 782 rios,
677 719 736 764 sua
756 704 867 764 autem
893 695 1056 780 Majestas
1082 695 1174 760 nobis
1198 693 1334 759 oonsilio
1360 699 1393 758 et
1411 692 1518 758 favori

377 805 595 872 amicabiliter
633 827 702 870 esse
734 806 848 889 possit,
879 811 912 869 et
942 803 1115 888 Majestati
1147 803 1293 886 predicte
1333 799 1525 868 notificabis¹

380 915 572 981 instruxisse
589 935 648 979 nos
664 915 726 980 hoc
742 935 827 980 anno
853 913 991 978 classem
1008 919 1152 980 nostram
1180 917 1214 976 et
1230 917 1357 977 ceteros
1384 929 1519 975 consue·

379 1030 431 1088 tos
457 1028 636 1107 apparatus
662 1029 791 1088 nostros
817 1027 929 1087 contra
949 1019 1035 1084 illius
1059 1019 1185 1085 rabiem
1210 1018 1424 1096 instaurasse,
1447 1036 1519 1080 sva·

377 1131 483 1214 deque
502 1137 534 1196 et
550 1130 684 1196 hortare
700 1129 912 1213 Majestatem
937 1127 1037 1194 Suam
1053 1126 1095 1193 ad
1111 1125 1296 1192 faciendum
1312 1147 1373 1208 pro
1392 1126 1520 1209 magni-

376 1238 490 1303 tudine
508 1236 607 1303 animi
624 1238 674 1302 sui
690 1243 805 1302 contra
821 1236 906 1300 hunc
923 1234 1097 1317 inimicum,
1114 1239 1147 1298 et
1162 1232 1225 1300 hoc
1246 1233 1419 1316 presertim
1436 1240 1519 1298 tem·

378 1369 457 1431 pore
474 1345 759 1430 opportunissimo,
780 1344 901 1428 juditio
920 1350 1031 1408 nostro
1056 1341 1098 1408 ob
1123 1342 1400 1410 existimationem
1424 1343 1521 1408 amis·

377 1454 500 1519 samin
517 1453 667 1539 partibus
691 1450 781 1535 Asie,
807 1459 840 1518 et
865 1451 954 1520 illius
979 1472 1031 1516 res
1048 1451 1154 1516 minus
1170 1471 1326 1534 prospere
1342 1455 1461 1532 gestas,
1486 1457 1520 1514 et

380 1562 637 1642 invalitudinem,
662 1583 725 1646 que
751 1561 922 1628 nuntiatur
947 1558 987 1625 de
1012 1580 1152 1643 persona
1171 1578 1238 1642 sua,
1270 1557 1389 1641 quibus
1416 1560 1520 1623 omni-

377 1671 439 1736 bus
456 1670 554 1737 rebus
570 1671 759 1737 memoratis
775 1678 808 1736 et
824 1672 856 1735 in
873 1669 1015 1735 medium
1031 1691 1089 1752 per
1105 1675 1137 1734 te
1148 1667 1299 1734 adductis
1313 1674 1347 1734 et
1357 1668 1443 1752 alijs‚
1454 1688 1518 1750 qne

378 1779 437 1845 tibi
455 1764 655 1860 succurrent,
682 1801 809 1846 movere
837 1784 929 1844 tenta
954 1777 1169 1864 Majestatem
1196 1777 1296 1846 Suam
1323 1776 1365 1844 ad
1391 1774 1518 1859 aliquid

378 1887 569 1969 faciendam,
585 1889 664 1972 quid
681 1889 724 1952 sit
739 1886 988 1956 Olrristianitatl¹
1001 1875 1181 1966 admodum,
1198 1888 1258 1952 sibi
1274 1893 1383 1950 autem
1411 1883 1517 1966 glorie

378 2001 410 2060 et
428 1995 551 2060 honori.
567 1994 672 2062 Plura
687 1995 720 2058 in
736 1993 799 2060 hac
815 2001 908 2078 parte
925 2017 989 2060 non
1013 1994 1163 2074 dicimus,
1188 1994 1350 2077 quomodo
1372 1993 1517 2076 prudens

378 2123 423 2185 es,
440 2109 472 2169 et
488 2102 671 2168 omuialrec
689 2101 822 2186 negotia
839 2101 898 2165 tibi
925 2107 1002 2167 nota
1030 2108 1106 2164 sunt
1122 2108 1155 2166 et
1180 2122 1240 2184 pro
1256 2123 1375 2184 rerum,
1391 2108 1516 2182 tempo·

379 2232 513 2296 rumque
530 2211 772 2278 conditionibus
787 2216 863 2294 apte
881 2214 914 2274 et
931 2207 1132 2275 accomodati
1149 2209 1238 2291 loqui
1255 2209 1387 2293 poteris.

484 2319 646 2388 Volumus
662 2326 821 2404 preterea,
847 2325 882 2382 ut
908 2339 1020 2384 narres
1040 2316 1144 2383 eidem
1162 2317 1333 2402 Majestati
1350 2317 1512 2381 novitates

378 2427 487 2492 illatas
504 2426 554 2490 his
570 2427 725 2511 proximis
744 2426 859 2493 diebus
885 2447 943 2509 per
963 2425 1115 2490 Bannum
1136 2421 1291 2490 Orovatie
1317 2422 1455 2489 subditis
1480 2431 1514 2487 et

377 2535 562 2602 hominibus
578 2537 699 2602 nostris
726 2534 895 2599 Dalmatie
911 2539 945 2598 ct
970 2533 1140 2618 presertim
1166 2533 1367 2600 comitatinis
1392 2533 1513 2598 nostris

286 2671 288 2678 s
378 2639 524 2723 Sibinici,
541 2643 631 2709 nulla
647 2644 783 2709 honesta
799 2641 949 2708 inductus
966 2633 1067 2708 carisa
1084 2639 1132 2706 vel
1149 2642 1294 2719 ratione;
1320 2661 1383 2724 que
1401 2661 1517 2723 quam.

377 2751 426 2814 vis
441 2753 615 2835 composite
633 2751 731 2816 fuisse
747 2757 861 2834 postea
879 2750 1059 2832 videantur,
1070 2771 1133 2816 non
1151 2757 1199 2815 est
1215 2757 1334 2831 tamen,
1346 2749 1433 2834 quod
1449 2770 1514 2812 non

376 2859 500 2924 luerint
516 2859 708 2926 alienissimo
725 2857 766 2922 ab
783 2859 869 2924 omni
887 2860 1037 2942 equitatu
1061 2865 1093 2923 et
1116 2857 1254 2942 pacifica
1271 2858 1398 2924 vivendi
1414 2857 1512 2924 modo

278 3004 281 3010 ,
379 2973 413 3032 et
444 2965 486 3032 ab
513 2967 698 3049 intentione,
723 2974 907 3050 menteque,
923 2973 960 3032 ut
984 2966 1118 3032 indubie
1143 2974 1290 3032 tenemus
1322 2966 1515 3052 Majestatis

281 3149 284 3152 ,
379 3073 454 3158 Sue,
470 3096 568 3158 quarn
585 3075 787 3140 meminimus
804 3075 886 3141 alias
903 3075 1079 3142 efficaciter
1092 3074 1228 3158 jussisse
1254 3074 1359 3141 eidem
1385 3073 1510 3154 Banna,

378 3188 415 3246 ut
445 3183 625 3248 abstineret
658 3182 699 3246 ab
732 3183 881 3247 omnibus
914 3183 1041 3268 injuriis
1074 3183 1279 3249 subditorum
1317 3187 1515 3262 nostrorum,

379 3289 563 3373 viveretque
579 3313 652 3356 cum
677 3291 798 3357 nostris
824 3289 1024 3358 Rectoribus
1050 3297 1082 3356 et
1108 3290 1300 3358 officialibus
1327 3290 1462 3375 pacifice
1481 3297 1514 3352 et

378 3399 489 3476 amice,
506 3399 591 3480 quod
608 3407 719 3464 tamen
734 3399 804 3482 ipse
820 3397 954 3464 Bannus
970 3419 1035 3465 nou
1052 3398 1247 3482 observavit,
1262 3399 1341 3484 quin
1357 3400 1456 3464 immo
1473 3419 1514 3462 ea

379 3506 546 3584 commisit,
582 3505 762 3588 dequibus
787 3514 823 3572 tu
849 3505 959 3572 habes
976 3507 1211 3589 particularem
1242 3507 1516 3589 informationem,

379 3613 496 3677 iccirco
526 3613 612 3678 insta
646 3620 677 3678 et
703 3613 802 3694 ellioe,
828 3622 865 3678 ut
895 3613 1002 3695 Regia
1028 3612 1188 3698 Majestas
1210 3613 1278 3681 Sua
1304 3615 1387 3700 talia
1412 3615 1514 3680 eidem

380 3720 496 3786 Banno
527 3721 684 3786 mandata
710 3721 773 3803 det,
800 3721 888 3804 quod
915 3744 962 3802 ea,
989 3743 1051 3804 que
1068 3721 1205 3788 subditis
1221 3723 1343 3788 nostris
1366 3723 1516 3802 abstulit,

379 3827 578 3907 reddantur3
594 3829 864 3913 abstineaturque
881 3830 1029 3914 posthac
1046 3831 1088 3896 ab
1098 3831 1184 3894 omni
1201 3830 1322 3914 injuria
1338 3839 1372 3896 et
1383 3832 1514 3916 rapina;

380 3937 568 4018 vivaturque
595 3937 680 4001 inter
700 3935 849 4004 subditos
870 3944 998 4004 nostros
1024 3938 1072 4003 ita
1097 3937 1285 4021 tranquille,
1312 3937 1458 4005 benivole
1484 3945 1515 4003 et

381 4045 481 4125 unite,
497 4051 536 4110 ut
552 4043 712 4128 Majestas
730 4043 797 4111 Sua
813 4053 844 4111 et
861 4066 920 4111 nos
936 4047 1020 4111 uniti
1036 4046 1070 4110 in
1087 4045 1204 4114 effectu
1228 4067 1347 4114 sumus.
1363 4045 1410 4112 Et
1425 4047 1513 4112 circa

380 4154 564 4238 hujusmodi
585 4161 711 4236 partem
729 4154 841 4220 habito
866 4161 1013 4240 respectu
1031 4154 1074 4222 ad
1090 4155 1305 4240 Magnificum
1323 4156 1392 4220 Tus
1407 4155 1515 4222 ‚lanus

379 4262 542 4344 Bassum,
573 4265 788 4347 principalem
819 4263 907 4329 illius
939 4265 1116 4349 provincie,
1148 4272 1181 4330 et
1212 4264 1387 4330 attinentia
1427 4265 1516 4328 illius

380 4371 499 4451 Banni,
516 4372 566 4436 vel
584 4371 766 4438 Vicebanni
783 4371 941 4438 adhibeas
958 4397 1085 4439 ornnem
1102 4373 1346 4441 convenientem
1375 4394 1517 4456 operam,

383 4479 473 4563 quod
505 4501 557 4543 res
587 4480 642 4544 ille
674 4487 791 4564 pacate
823 4486 856 4545 et
887 4483 1065 4565 tranquille
1097 4489 1285 4564 transeant3
1318 4482 1518 4597 declaraque
