<?xml version="1.0" encoding="UTF-8"?>
<!DOCTYPE html PUBLIC "-//W3C//DTD XHTML 1.0 Transitional//EN"
    "http://www.w3.org/TR/xhtml1/DTD/xhtml1-transitional.dtd">
<html xmlns="http://www.w3.org/1999/xhtml" xml:lang="en" lang="en">
 <head>
  <title>
</title>
<meta http-equiv="Content-Type" content="text/html;charset=utf-8" />
  <meta name='ocr-system' content='tesseract 3.04.00' />
  <meta name='ocr-capabilities' content='ocr_page ocr_carea ocr_par ocr_line ocrx_word'/>
</head>
<body>
  <div class='ocr_page' id='page_1' title='image "./magyardiplomacz00mattgoog_0150.png"; bbox 0 0 3356 5266; ppageno 0'>
   <div class='ocr_carea' id='block_1_1' title="bbox 636 321 1375 403">
    <p class='ocr_par' dir='ltr' id='par_1_1' title="bbox 636 321 1375 403">
     <span class='ocr_line' id='line_1_1' title="bbox 636 321 1375 403; baseline 0.003 -2"><span class='ocrx_word' id='word_1_1' title='bbox 636 321 760 402; x_wconf 73' lang='lat' dir='ltr'>‘mea</span> <span class='ocrx_word' id='word_1_2' title='bbox 1214 343 1276 403; x_wconf 88' lang='lat'>113</span> <span class='ocrx_word' id='word_1_3' title='bbox 1371 347 1375 354; x_wconf 93' lang='lat'>·</span> 
     </span>
    </p>
   </div>
   <div class='ocr_carea' id='block_1_2' title="bbox 137 515 1278 1034">
    <p class='ocr_par' dir='ltr' id='par_1_2' title="bbox 137 515 1277 923">
     <span class='ocr_line' id='line_1_2' title="bbox 139 515 1277 608; baseline 0 -26"><span class='ocrx_word' id='word_1_4' title='bbox 139 536 206 599; x_wconf 88' lang='lat' dir='ltr'>qua</span> <span class='ocrx_word' id='word_1_5' title='bbox 223 517 333 583; x_wconf 87' lang='lat' dir='ltr'>diviua</span> <span class='ocrx_word' id='word_1_6' title='bbox 349 517 585 582; x_wconf 88' lang='lat' dir='ltr'>interveniente</span> <span class='ocrx_word' id='word_1_7' title='bbox 602 516 713 599; x_wconf 88' lang='lat' dir='ltr'>gratia</span> <span class='ocrx_word' id='word_1_8' title='bbox 730 516 773 580; x_wconf 88' lang='lat' dir='ltr'>ad</span> <span class='ocrx_word' id='word_1_9' title='bbox 789 515 1030 582; x_wconf 80' lang='lat' dir='ltr'>conclusionem</span> <span class='ocrx_word' id='word_1_10' title='bbox 1049 522 1165 608; x_wconf 88' lang='lat' dir='ltr'>postea</span> <span class='ocrx_word' id='word_1_11' title='bbox 1182 517 1277 583; x_wconf 90' lang='lat' dir='ltr'>deve·</span> 
     </span>
     <span class='ocr_line' id='line_1_3' title="bbox 137 625 1276 710; baseline 0.001 -20"><span class='ocrx_word' id='word_1_12' title='bbox 137 625 244 690; x_wconf 92' lang='lat' dir='ltr'>nimus</span> <span class='ocrx_word' id='word_1_13' title='bbox 260 647 320 710; x_wconf 89' lang='lat' dir='ltr'>pro</span> <span class='ocrx_word' id='word_1_14' title='bbox 337 626 514 691; x_wconf 78' lang='lat' dir='ltr'>securitate</span> <span class='ocrx_word' id='word_1_15' title='bbox 531 630 565 690; x_wconf 89' lang='lat' dir='ltr'>et</span> <span class='ocrx_word' id='word_1_16' title='bbox 580 625 689 707; x_wconf 89' lang='lat' dir='ltr'>quiete</span> <span class='ocrx_word' id='word_1_17' title='bbox 705 625 850 689; x_wconf 91' lang='lat' dir='ltr'>omnium</span> <span class='ocrx_word' id='word_1_18' title='bbox 869 630 1012 690; x_wconf 87' lang='lat' dir='ltr'>statuum</span> <span class='ocrx_word' id='word_1_19' title='bbox 1023 631 1220 709; x_wconf 87' lang='lat' dir='ltr'>nostrorum,</span> <span class='ocrx_word' id='word_1_20' title='bbox 1235 627 1276 691; x_wconf 89' lang='lat' dir='ltr'>de</span> 
     </span>
     <span class='ocr_line' id='line_1_4' title="bbox 139 727 1276 816; baseline 0.001 -19"><span class='ocrx_word' id='word_1_21' title='bbox 139 755 206 816; x_wconf 89' lang='lat' dir='ltr'>qua</span> <span class='ocrx_word' id='word_1_22' title='bbox 222 732 427 798; x_wconf 86' lang='lat' dir='ltr'>conclusione</span> <span class='ocrx_word' id='word_1_23' title='bbox 442 731 614 815; x_wconf 87' lang='lat' dir='ltr'>Majestati</span> <span class='ocrx_word' id='word_1_24' title='bbox 631 731 779 814; x_wconf 87' lang='lat' dir='ltr'>predicte</span> <span class='ocrx_word' id='word_1_25' title='bbox 795 754 854 815; x_wconf 91' lang='lat' dir='ltr'>pro</span> <span class='ocrx_word' id='word_1_26' title='bbox 871 731 984 797; x_wconf 90' lang='lat' dir='ltr'>debito</span> <span class='ocrx_word' id='word_1_27' title='bbox 995 739 1028 797; x_wconf 92' lang='lat' dir='ltr'>et</span> <span class='ocrx_word' id='word_1_28' title='bbox 1039 727 1146 798; x_wconf 85' lang='lat' dir='ltr'>officio</span> <span class='ocrx_word' id='word_1_29' title='bbox 1164 741 1276 799; x_wconf 89' lang='lat' dir='ltr'>nostro</span> 
     </span>
     <span class='ocr_line' id='line_1_5' title="bbox 138 839 989 923; baseline 0 -20"><span class='ocrx_word' id='word_1_30' title='bbox 138 861 199 923; x_wconf 88' lang='lat' dir='ltr'>per</span> <span class='ocrx_word' id='word_1_31' title='bbox 214 847 249 906; x_wconf 92' lang='lat' dir='ltr'>te</span> <span class='ocrx_word' id='word_1_32' title='bbox 265 841 418 906; x_wconf 76' lang='lat' dir='ltr'>noticiam</span> <span class='ocrx_word' id='word_1_33' title='bbox 435 839 578 905; x_wconf 89' lang='lat' dir='ltr'>dandam</span> <span class='ocrx_word' id='word_1_34' title='bbox 595 839 862 919; x_wconf 84' lang='lat' dir='ltr'>existimavimus,</span> <span class='ocrx_word' id='word_1_35' title='bbox 880 845 913 904; x_wconf 90' lang='lat' dir='ltr'>et</span> <span class='ocrx_word' id='word_1_36' title='bbox 928 847 989 905; x_wconf 90' lang='lat' dir='ltr'>ect.</span> 
     </span>
    </p>

    <p class='ocr_par' dir='ltr' id='par_1_3' title="bbox 250 945 1278 1034">
     <span class='ocr_line' id='line_1_6' title="bbox 250 945 1278 1034; baseline 0.001 -20"><span class='ocrx_word' id='word_1_37' title='bbox 250 947 408 1014; x_wconf 83' lang='lat' dir='ltr'>Posthac</span> <span class='ocrx_word' id='word_1_38' title='bbox 427 968 499 1030; x_wconf 88' lang='lat' dir='ltr'>cum</span> <span class='ocrx_word' id='word_1_39' title='bbox 515 945 581 1010; x_wconf 90' lang='lat' dir='ltr'>illis</span> <span class='ocrx_word' id='word_1_40' title='bbox 597 945 713 1026; x_wconf 81' lang='lat' dir='ltr'>verbio,</span> <span class='ocrx_word' id='word_1_41' title='bbox 731 967 794 1029; x_wconf 88' lang='lat' dir='ltr'>que</span> <span class='ocrx_word' id='word_1_42' title='bbox 811 948 983 1030; x_wconf 77' lang='lat' dir='ltr'>prudentie</span> <span class='ocrx_word' id='word_1_43' title='bbox 1000 954 1055 1014; x_wconf 91' lang='lat' dir='ltr'>tue</span> <span class='ocrx_word' id='word_1_44' title='bbox 1071 949 1278 1034; x_wconf 90' lang='lat' dir='ltr'>videbuntur,</span> 
     </span>
    </p>
   </div>
   <div class='ocr_carea' id='block_1_3' title="bbox 40 1051 1277 1140">
    <p class='ocr_par' dir='ltr' id='par_1_4' title="bbox 13 1031 1277 1140">
     <span class='ocr_line' id='line_1_7' title="bbox 40 1051 1277 1140; baseline 0.003 -19.915"><span class='ocrx_word' id='word_1_45' title='bbox 40 1109 48 1114; x_wconf 59' lang='grc'>,</span> <span class='ocrx_word' id='word_1_46' title='bbox 138 1077 285 1122; x_wconf 89' lang='lat' dir='ltr'>memora</span> <span class='ocrx_word' id='word_1_47' title='bbox 309 1055 480 1140; x_wconf 89' lang='lat' dir='ltr'>Majestati</span> <span class='ocrx_word' id='word_1_48' title='bbox 505 1053 654 1138; x_wconf 85' lang='lat' dir='ltr'>predicte</span> <span class='ocrx_word' id='word_1_49' title='bbox 679 1053 827 1136; x_wconf 90' lang='lat' dir='ltr'>pericula</span> <span class='ocrx_word' id='word_1_50' title='bbox 851 1051 1049 1123; x_wconf 83' lang='lat' dir='ltr'>Christianis</span> <span class='ocrx_word' id='word_1_51' title='bbox 1074 1058 1277 1124; x_wconf 82' lang='lat' dir='ltr'>imminentia</span> 
     </span>
    </p>
   </div>
   <div class='ocr_carea' id='block_1_4' title="bbox 58 1161 1278 1358">
    <p class='ocr_par' dir='ltr' id='par_1_5' title="bbox 58 1161 1278 1358">
     <span class='ocr_line' id='line_1_8' title="bbox 58 1161 1277 1249; baseline 0.001 -17"><span class='ocrx_word' id='word_1_52' title='bbox 58 1203 64 1212; x_wconf 90' lang='lat'><strong>·</strong></span> <span class='ocrx_word' id='word_1_53' title='bbox 139 1166 183 1232; x_wconf 91' lang='lat' dir='ltr'>ab</span> <span class='ocrx_word' id='word_1_54' title='bbox 200 1165 369 1230; x_wconf 91' lang='lat' dir='ltr'>sevissimo</span> <span class='ocrx_word' id='word_1_55' title='bbox 386 1161 527 1245; x_wconf 77' lang='lat' dir='ltr'>Turcho,</span> <span class='ocrx_word' id='word_1_56' title='bbox 544 1161 645 1227; x_wconf 82' lang='lat' dir='ltr'>suade</span> <span class='ocrx_word' id='word_1_57' title='bbox 673 1167 705 1226; x_wconf 92' lang='lat' dir='ltr'>et</span> <span class='ocrx_word' id='word_1_58' title='bbox 729 1161 863 1226; x_wconf 88' lang='lat' dir='ltr'>hortare</span> <span class='ocrx_word' id='word_1_59' title='bbox 888 1163 1100 1249; x_wconf 89' lang='lat' dir='ltr'>Majestatcm</span> <span class='ocrx_word' id='word_1_60' title='bbox 1118 1163 1218 1233; x_wconf 86' lang='lat' dir='ltr'>Suam</span> <span class='ocrx_word' id='word_1_61' title='bbox 1235 1167 1277 1232; x_wconf 91' lang='lat' dir='ltr'>ad</span> 
     </span>
     <span class='ocr_line' id='line_1_9' title="bbox 139 1270 1278 1358; baseline 0 -20"><span class='ocrx_word' id='word_1_62' title='bbox 139 1274 349 1358; x_wconf 89' lang='lat' dir='ltr'>dirigendam</span> <span class='ocrx_word' id='word_1_63' title='bbox 375 1272 537 1353; x_wconf 89' lang='lat' dir='ltr'>cogitatus</span> <span class='ocrx_word' id='word_1_64' title='bbox 564 1290 640 1335; x_wconf 89' lang='lat' dir='ltr'>suos</span> <span class='ocrx_word' id='word_1_65' title='bbox 666 1274 781 1334; x_wconf 89' lang='lat' dir='ltr'>contra</span> <span class='ocrx_word' id='word_1_66' title='bbox 804 1270 898 1335; x_wconf 91' lang='lat' dir='ltr'>illum</span> <span class='ocrx_word' id='word_1_67' title='bbox 922 1279 955 1336; x_wconf 90' lang='lat' dir='ltr'>et</span> <span class='ocrx_word' id='word_1_68' title='bbox 978 1273 1020 1338; x_wconf 89' lang='lat' dir='ltr'>ad</span> <span class='ocrx_word' id='word_1_69' title='bbox 1042 1294 1076 1337; x_wconf 88' lang='lat' dir='ltr'>se</span> <span class='ocrx_word' id='word_1_70' title='bbox 1093 1273 1278 1358; x_wconf 89' lang='lat' dir='ltr'>intelligen-</span> 
     </span>
    </p>
   </div>
   <div class='ocr_carea' id='block_1_5' title="bbox 13 1377 1274 1472">
    <p class='ocr_par' dir='ltr' id='par_1_6' title="bbox 13 1377 1274 1472">
     <span class='ocr_line' id='line_1_10' title="bbox 13 1377 1274 1472; baseline 0 -25"><span class='ocrx_word' id='word_1_71' title='bbox 13 1395 15 1408; x_wconf 82' lang='lat'><em>&#39;</em></span> <span class='ocrx_word' id='word_1_72' title='bbox 88 1461 97 1472; x_wconf 28' lang='grc'><strong>,</strong></span> <span class='ocrx_word' id='word_1_73' title='bbox 140 1381 220 1447; x_wconf 91' lang='lat' dir='ltr'>dum</span> <span class='ocrx_word' id='word_1_74' title='bbox 247 1403 320 1446; x_wconf 90' lang='lat' dir='ltr'>cum</span> <span class='ocrx_word' id='word_1_75' title='bbox 346 1379 562 1448; x_wconf 82' lang='lat' dir='ltr'>Serenissimo</span> <span class='ocrx_word' id='word_1_76' title='bbox 587 1379 679 1460; x_wconf 85' lang='lat' dir='ltr'>Rege</span> <span class='ocrx_word' id='word_1_77' title='bbox 714 1377 886 1462; x_wconf 89' lang='lat' dir='ltr'>Hungarie</span> <span class='ocrx_word' id='word_1_78' title='bbox 911 1403 972 1464; x_wconf 89' lang='lat' dir='ltr'>pro</span> <span class='ocrx_word' id='word_1_79' title='bbox 1004 1381 1064 1446; x_wconf 92' lang='lat' dir='ltr'>hoc</span> <span class='ocrx_word' id='word_1_80' title='bbox 1095 1381 1274 1448; x_wconf 89' lang='lat' dir='ltr'>christiano</span> 
     </span>
    </p>
   </div>
   <div class='ocr_carea' id='block_1_6' title="bbox 49 1485 1283 4594">
    <p class='ocr_par' dir='ltr' id='par_1_7' title="bbox 140 1485 1277 1682">
     <span class='ocr_line' id='line_1_11' title="bbox 140 1485 1277 1574; baseline 0.001 -20"><span class='ocrx_word' id='word_1_81' title='bbox 140 1489 291 1574; x_wconf 79' lang='lat' dir='ltr'>negotio,</span> <span class='ocrx_word' id='word_1_82' title='bbox 302 1488 345 1556; x_wconf 90' lang='lat' dir='ltr'>ad</span> <span class='ocrx_word' id='word_1_83' title='bbox 360 1509 454 1572; x_wconf 91' lang='lat' dir='ltr'>quem</span> <span class='ocrx_word' id='word_1_84' title='bbox 472 1486 597 1568; x_wconf 87' lang='lat' dir='ltr'>Regem</span> <span class='ocrx_word' id='word_1_85' title='bbox 621 1486 796 1570; x_wconf 90' lang='lat' dir='ltr'>Majestati</span> <span class='ocrx_word' id='word_1_86' title='bbox 822 1485 889 1552; x_wconf 87' lang='lat' dir='ltr'>Sue</span> <span class='ocrx_word' id='word_1_87' title='bbox 915 1487 1107 1573; x_wconf 80' lang='lat' dir='ltr'>declarabis,</span> <span class='ocrx_word' id='word_1_88' title='bbox 1133 1490 1219 1572; x_wconf 89' lang='lat' dir='ltr'>quod</span> <span class='ocrx_word' id='word_1_89' title='bbox 1245 1498 1277 1555; x_wconf 90' lang='lat' dir='ltr'>te</span> 
     </span>
     <span class='ocr_line' id='line_1_12' title="bbox 140 1596 517 1682; baseline -0.011 -18"><span class='ocrx_word' id='word_1_90' title='bbox 140 1601 302 1666; x_wconf 84' lang='lat' dir='ltr'>mittimus</span> <span class='ocrx_word' id='word_1_91' title='bbox 318 1618 377 1682; x_wconf 92' lang='lat' dir='ltr'>pro</span> <span class='ocrx_word' id='word_1_92' title='bbox 394 1617 429 1662; x_wconf 90' lang='lat' dir='ltr'>re</span> <span class='ocrx_word' id='word_1_93' title='bbox 445 1596 517 1661; x_wconf 89' lang='lat' dir='ltr'>hac.</span> 
     </span>
    </p>

    <p class='ocr_par' dir='ltr' id='par_1_8' title="bbox 140 1702 1279 2444">
     <span class='ocr_line' id='line_1_13' title="bbox 252 1702 1278 1788; baseline 0 -18"><span class='ocrx_word' id='word_1_94' title='bbox 252 1704 366 1770; x_wconf 80' lang='lat' dir='ltr'>Scribe</span> <span class='ocrx_word' id='word_1_95' title='bbox 383 1705 427 1770; x_wconf 90' lang='lat' dir='ltr'>ad</span> <span class='ocrx_word' id='word_1_96' title='bbox 442 1725 502 1770; x_wconf 91' lang='lat' dir='ltr'>nos</span> <span class='ocrx_word' id='word_1_97' title='bbox 518 1703 746 1786; x_wconf 86' lang='lat' dir='ltr'>responsiones</span> <span class='ocrx_word' id='word_1_98' title='bbox 763 1702 950 1788; x_wconf 88' lang='lat' dir='ltr'>Majestatis</span> <span class='ocrx_word' id='word_1_99' title='bbox 976 1705 1042 1772; x_wconf 82' lang='lat' dir='ltr'>Sue</span> <span class='ocrx_word' id='word_1_100' title='bbox 1068 1712 1101 1770; x_wconf 91' lang='lat' dir='ltr'>et</span> <span class='ocrx_word' id='word_1_101' title='bbox 1120 1707 1278 1772; x_wconf 89' lang='lat' dir='ltr'>conditio-</span> 
     </span>
     <span class='ocr_line' id='line_1_14' title="bbox 140 1812 1276 1896; baseline 0.002 -19"><span class='ocrx_word' id='word_1_102' title='bbox 140 1833 198 1877; x_wconf 87' lang='lat' dir='ltr'>nes</span> <span class='ocrx_word' id='word_1_103' title='bbox 214 1813 414 1896; x_wconf 89' lang='lat' dir='ltr'>presentium</span> <span class='ocrx_word' id='word_1_104' title='bbox 430 1833 537 1875; x_wconf 90' lang='lat' dir='ltr'>rerum</span> <span class='ocrx_word' id='word_1_105' title='bbox 555 1831 696 1890; x_wconf 88' lang='lat' dir='ltr'>suarum,</span> <span class='ocrx_word' id='word_1_106' title='bbox 714 1817 748 1874; x_wconf 92' lang='lat' dir='ltr'>et</span> <span class='ocrx_word' id='word_1_107' title='bbox 763 1812 872 1875; x_wconf 86' lang='lat' dir='ltr'>omnia</span> <span class='ocrx_word' id='word_1_108' title='bbox 889 1834 979 1892; x_wconf 83' lang='lat' dir='ltr'>nova,</span> <span class='ocrx_word' id='word_1_109' title='bbox 992 1835 1183 1895; x_wconf 87' lang='lat' dir='ltr'>quecunque</span> <span class='ocrx_word' id='word_1_110' title='bbox 1199 1812 1276 1879; x_wconf 91' lang='lat' dir='ltr'>dum</span> 
     </span>
     <span class='ocr_line' id='line_1_15' title="bbox 141 1919 1279 2005; baseline 0.002 -21"><span class='ocrx_word' id='word_1_111' title='bbox 141 1921 212 1986; x_wconf 91' lang='lat' dir='ltr'>illic</span> <span class='ocrx_word' id='word_1_112' title='bbox 228 1919 538 2000; x_wconf 69' lang='lat' dir='ltr'>lueriaintelliges,</span> <span class='ocrx_word' id='word_1_113' title='bbox 565 1925 598 1982; x_wconf 90' lang='lat' dir='ltr'>et</span> <span class='ocrx_word' id='word_1_114' title='bbox 623 1919 649 1982; x_wconf 88' lang='lat' dir='ltr'>si</span> <span class='ocrx_word' id='word_1_115' title='bbox 676 1919 836 1983; x_wconf 83' lang='lat' dir='ltr'>invenires</span> <span class='ocrx_word' id='word_1_116' title='bbox 862 1941 914 1984; x_wconf 89' lang='lat' dir='ltr'>res</span> <span class='ocrx_word' id='word_1_117' title='bbox 930 1943 1006 1986; x_wconf 87' lang='lat' dir='ltr'>suas</span> <span class='ocrx_word' id='word_1_118' title='bbox 1025 1923 1221 2005; x_wconf 87' lang='lat' dir='ltr'>compositas</span> <span class='ocrx_word' id='word_1_119' title='bbox 1246 1929 1279 1986; x_wconf 91' lang='lat' dir='ltr'>et</span> 
     </span>
     <span class='ocr_line' id='line_1_16' title="bbox 140 2025 1278 2113; baseline 0.004 -23"><span class='ocrx_word' id='word_1_120' title='bbox 140 2027 284 2091; x_wconf 85' lang='lat' dir='ltr'>feliciter</span> <span class='ocrx_word' id='word_1_121' title='bbox 300 2027 449 2106; x_wconf 72' lang='lat' dir='ltr'>duectas,</span> <span class='ocrx_word' id='word_1_122' title='bbox 465 2025 515 2088; x_wconf 87' lang='lat' dir='ltr'>vel</span> <span class='ocrx_word' id='word_1_123' title='bbox 537 2044 595 2106; x_wconf 90' lang='lat' dir='ltr'>per</span> <span class='ocrx_word' id='word_1_124' title='bbox 623 2026 801 2107; x_wconf 89' lang='lat' dir='ltr'>victoriam,</span> <span class='ocrx_word' id='word_1_125' title='bbox 821 2047 919 2109; x_wconf 87' lang='lat' dir='ltr'>quam</span> <span class='ocrx_word' id='word_1_126' title='bbox 936 2027 976 2092; x_wconf 90' lang='lat' dir='ltr'>de</span> <span class='ocrx_word' id='word_1_127' title='bbox 993 2028 1142 2093; x_wconf 87' lang='lat' dir='ltr'>hostibus</span> <span class='ocrx_word' id='word_1_128' title='bbox 1167 2051 1278 2113; x_wconf 90' lang='lat' dir='ltr'>repor-</span> 
     </span>
     <span class='ocr_line' id='line_1_17' title="bbox 141 2131 1278 2220; baseline 0.001 -20"><span class='ocrx_word' id='word_1_129' title='bbox 141 2141 255 2216; x_wconf 86' lang='lat' dir='ltr'>tasset,</span> <span class='ocrx_word' id='word_1_130' title='bbox 287 2136 354 2198; x_wconf 90' lang='lat' dir='ltr'>sive</span> <span class='ocrx_word' id='word_1_131' title='bbox 384 2134 490 2214; x_wconf 89' lang='lat' dir='ltr'>aliter,</span> <span class='ocrx_word' id='word_1_132' title='bbox 522 2132 577 2210; x_wconf 90' lang='lat' dir='ltr'>ita,</span> <span class='ocrx_word' id='word_1_133' title='bbox 604 2137 640 2195; x_wconf 92' lang='lat' dir='ltr'>ut</span> <span class='ocrx_word' id='word_1_134' title='bbox 664 2131 725 2197; x_wconf 92' lang='lat' dir='ltr'>tibi</span> <span class='ocrx_word' id='word_1_135' title='bbox 751 2133 917 2198; x_wconf 87' lang='lat' dir='ltr'>videretur</span> <span class='ocrx_word' id='word_1_136' title='bbox 949 2134 1190 2220; x_wconf 83' lang='lat' dir='ltr'>congratulatio</span> <span class='ocrx_word' id='word_1_137' title='bbox 1218 2142 1278 2202; x_wconf 88' lang='lat' dir='ltr'>tua</span> 
     </span>
     <span class='ocr_line' id='line_1_18' title="bbox 141 2237 1278 2322; baseline 0.002 -15"><span class='ocrx_word' id='word_1_138' title='bbox 141 2249 258 2308; x_wconf 88' lang='lat' dir='ltr'>nostro</span> <span class='ocrx_word' id='word_1_139' title='bbox 284 2242 412 2306; x_wconf 89' lang='lat' dir='ltr'>nomine</span> <span class='ocrx_word' id='word_1_140' title='bbox 445 2261 513 2305; x_wconf 89' lang='lat' dir='ltr'>esse</span> <span class='ocrx_word' id='word_1_141' title='bbox 546 2237 588 2302; x_wconf 91' lang='lat' dir='ltr'>ad</span> <span class='ocrx_word' id='word_1_142' title='bbox 619 2242 830 2322; x_wconf 89' lang='lat' dir='ltr'>propositum,</span> <span class='ocrx_word' id='word_1_143' title='bbox 846 2240 939 2305; x_wconf 92' lang='lat' dir='ltr'>illum</span> <span class='ocrx_word' id='word_1_144' title='bbox 964 2241 1064 2307; x_wconf 84' lang='lat' dir='ltr'>facies</span> <span class='ocrx_word' id='word_1_145' title='bbox 1089 2266 1162 2308; x_wconf 82' lang='lat' dir='ltr'>curn</span> <span class='ocrx_word' id='word_1_146' title='bbox 1190 2246 1278 2309; x_wconf 89' lang='lat' dir='ltr'>omni</span> 
     </span>
     <span class='ocr_line' id='line_1_19' title="bbox 143 2349 673 2444; baseline -0.013 -28"><span class='ocrx_word' id='word_1_147' title='bbox 143 2350 296 2416; x_wconf 89' lang='lat' dir='ltr'>decentia</span> <span class='ocrx_word' id='word_1_148' title='bbox 312 2349 492 2416; x_wconf 85' lang='lat' dir='ltr'>verborum.</span> <span class='ocrx_word' id='word_1_149' title='bbox 669 2437 673 2444; x_wconf 93' lang='lat'><em>.</em></span> 
     </span>
    </p>

    <p class='ocr_par' dir='ltr' id='par_1_9' title="bbox 49 2455 1283 4594">
     <span class='ocr_line' id='line_1_20' title="bbox 252 2455 1278 2542; baseline 0.002 -20"><span class='ocrx_word' id='word_1_150' title='bbox 252 2458 436 2542; x_wconf 80' lang='lat' dir='ltr'>Expeditus</span> <span class='ocrx_word' id='word_1_151' title='bbox 463 2457 504 2521; x_wconf 90' lang='lat' dir='ltr'>ab</span> <span class='ocrx_word' id='word_1_152' title='bbox 530 2455 751 2539; x_wconf 87' lang='lat' dir='ltr'>Imperatoria</span> <span class='ocrx_word' id='word_1_153' title='bbox 777 2458 958 2542; x_wconf 86' lang='lat' dir='ltr'>Majestate</span> <span class='ocrx_word' id='word_1_154' title='bbox 989 2461 1188 2542; x_wconf 81' lang='lat' dir='ltr'>prosequere</span> <span class='ocrx_word' id='word_1_155' title='bbox 1214 2463 1278 2526; x_wconf 88' lang='lat' dir='ltr'>iter</span> 
     </span>
     <span class='ocr_line' id='line_1_21' title="bbox 141 2563 1277 2648; baseline 0.001 -16"><span class='ocrx_word' id='word_1_156' title='bbox 141 2573 246 2648; x_wconf 88' lang='lat' dir='ltr'>tuum,</span> <span class='ocrx_word' id='word_1_157' title='bbox 271 2565 328 2630; x_wconf 92' lang='lat' dir='ltr'>ubi</span> <span class='ocrx_word' id='word_1_158' title='bbox 353 2563 551 2630; x_wconf 86' lang='lat' dir='ltr'>intellexeris</span> <span class='ocrx_word' id='word_1_159' title='bbox 575 2565 714 2646; x_wconf 89' lang='lat' dir='ltr'>reperiri</span> <span class='ocrx_word' id='word_1_160' title='bbox 740 2563 992 2632; x_wconf 85' lang='lat' dir='ltr'>Serenissimum</span> <span class='ocrx_word' id='word_1_161' title='bbox 1017 2567 1194 2632; x_wconf 91' lang='lat' dir='ltr'>Dominum</span> <span class='ocrx_word' id='word_1_162' title='bbox 1211 2569 1277 2633; x_wconf 92' lang='lat' dir='ltr'>Re-</span> 
     </span>
     <span class='ocr_line' id='line_1_22' title="bbox 141 2673 1279 2758; baseline 0 -17"><span class='ocrx_word' id='word_1_163' title='bbox 141 2697 218 2758; x_wconf 89' lang='lat' dir='ltr'>gem</span> <span class='ocrx_word' id='word_1_164' title='bbox 234 2674 418 2758; x_wconf 88' lang='lat' dir='ltr'>Hnngarie,</span> <span class='ocrx_word' id='word_1_165' title='bbox 433 2674 485 2737; x_wconf 92' lang='lat' dir='ltr'>cui</span> <span class='ocrx_word' id='word_1_166' title='bbox 511 2673 710 2755; x_wconf 88' lang='lat' dir='ltr'>presentatis</span> <span class='ocrx_word' id='word_1_167' title='bbox 737 2674 841 2738; x_wconf 86' lang='lat' dir='ltr'>literis</span> <span class='ocrx_word' id='word_1_168' title='bbox 867 2676 988 2739; x_wconf 90' lang='lat' dir='ltr'>nostris</span> <span class='ocrx_word' id='word_1_169' title='bbox 1014 2676 1279 2758; x_wconf 88' lang='lat' dir='ltr'>credentialibus,</span> 
     </span>
     <span class='ocr_line' id='line_1_23' title="bbox 141 2779 1278 2868; baseline -0.002 -20"><span class='ocrx_word' id='word_1_170' title='bbox 141 2805 226 2868; x_wconf 84' lang='lat' dir='ltr'>quas</span> <span class='ocrx_word' id='word_1_171' title='bbox 250 2781 312 2847; x_wconf 89' lang='lat' dir='ltr'>tibi</span> <span class='ocrx_word' id='word_1_172' title='bbox 328 2780 400 2846; x_wconf 87' lang='lat' dir='ltr'>dari</span> <span class='ocrx_word' id='word_1_173' title='bbox 413 2779 575 2864; x_wconf 88' lang='lat' dir='ltr'>jussimus,</span> <span class='ocrx_word' id='word_1_174' title='bbox 591 2779 753 2862; x_wconf 84' lang='lat' dir='ltr'>factisque</span> <span class='ocrx_word' id='word_1_175' title='bbox 770 2781 1035 2846; x_wconf 88' lang='lat' dir='ltr'>convenientibus</span> <span class='ocrx_word' id='word_1_176' title='bbox 1060 2789 1093 2847; x_wconf 90' lang='lat' dir='ltr'>et</span> <span class='ocrx_word' id='word_1_177' title='bbox 1118 2784 1278 2848; x_wconf 89' lang='lat' dir='ltr'>consuetis</span> 
     </span>
     <span class='ocr_line' id='line_1_24' title="bbox 140 2887 1278 2970; baseline 0 -13"><span class='ocrx_word' id='word_1_178' title='bbox 140 2889 398 2958; x_wconf 85' lang='lat' dir='ltr'>salutationibus</span> <span class='ocrx_word' id='word_1_179' title='bbox 416 2895 449 2952; x_wconf 91' lang='lat' dir='ltr'>et</span> <span class='ocrx_word' id='word_1_180' title='bbox 465 2887 697 2970; x_wconf 90' lang='lat' dir='ltr'>oblationibus,</span> <span class='ocrx_word' id='word_1_181' title='bbox 714 2888 859 2952; x_wconf 90' lang='lat' dir='ltr'>volumus</span> <span class='ocrx_word' id='word_1_182' title='bbox 876 2895 913 2952; x_wconf 90' lang='lat' dir='ltr'>ut</span> <span class='ocrx_word' id='word_1_183' title='bbox 930 2911 1002 2952; x_wconf 88' lang='lat' dir='ltr'>cum</span> <span class='ocrx_word' id='word_1_184' title='bbox 1023 2891 1129 2955; x_wconf 86' lang='lat' dir='ltr'>verbis</span> <span class='ocrx_word' id='word_1_185' title='bbox 1153 2890 1278 2957; x_wconf 87' lang='lat' dir='ltr'>idoneis</span> 
     </span>
     <span class='ocr_line' id='line_1_25' title="bbox 140 2995 1278 3081; baseline -0.003 -18"><span class='ocrx_word' id='word_1_186' title='bbox 140 3006 178 3063; x_wconf 85' lang='lat' dir='ltr'>et</span> <span class='ocrx_word' id='word_1_187' title='bbox 195 2997 395 3064; x_wconf 87' lang='lat' dir='ltr'>acomodatis</span> <span class='ocrx_word' id='word_1_188' title='bbox 412 2995 558 3060; x_wconf 90' lang='lat' dir='ltr'>declares</span> <span class='ocrx_word' id='word_1_189' title='bbox 576 2995 749 3080; x_wconf 89' lang='lat' dir='ltr'>Majestati</span> <span class='ocrx_word' id='word_1_190' title='bbox 766 2995 840 3079; x_wconf 84' lang='lat' dir='ltr'>Sue,</span> <span class='ocrx_word' id='word_1_191' title='bbox 856 2997 1061 3080; x_wconf 88' lang='lat' dir='ltr'>designatum</span> <span class='ocrx_word' id='word_1_192' title='bbox 1087 3021 1145 3081; x_wconf 87' lang='lat' dir='ltr'>per</span> <span class='ocrx_word' id='word_1_193' title='bbox 1170 3020 1229 3065; x_wconf 91' lang='lat' dir='ltr'>nos</span> <span class='ocrx_word' id='word_1_194' title='bbox 1245 3006 1278 3063; x_wconf 75' lang='lat' dir='ltr'>te</span> 
     </span>
     <span class='ocr_line' id='line_1_26' title="bbox 140 3103 1278 3190; baseline 0.002 -20"><span class='ocrx_word' id='word_1_195' title='bbox 140 3106 244 3171; x_wconf 84' lang='lat' dir='ltr'>fnisse</span> <span class='ocrx_word' id='word_1_196' title='bbox 261 3106 435 3184; x_wconf 86' lang='lat' dir='ltr'>Oratorem</span> <span class='ocrx_word' id='word_1_197' title='bbox 454 3104 495 3169; x_wconf 90' lang='lat' dir='ltr'>ad</span> <span class='ocrx_word' id='word_1_198' title='bbox 512 3104 601 3168; x_wconf 91' lang='lat' dir='ltr'>illius</span> <span class='ocrx_word' id='word_1_199' title='bbox 628 3103 837 3188; x_wconf 85' lang='lat' dir='ltr'>Majestatem</span> <span class='ocrx_word' id='word_1_200' title='bbox 863 3105 969 3186; x_wconf 87' lang='lat' dir='ltr'>simul,</span> <span class='ocrx_word' id='word_1_201' title='bbox 984 3113 1082 3190; x_wconf 90' lang='lat' dir='ltr'>atque</span> <span class='ocrx_word' id='word_1_202' title='bbox 1108 3107 1149 3172; x_wconf 90' lang='lat' dir='ltr'>de</span> <span class='ocrx_word' id='word_1_203' title='bbox 1166 3108 1278 3172; x_wconf 90' lang='lat' dir='ltr'>obten-</span> 
     </span>
     <span class='ocr_line' id='line_1_27' title="bbox 141 3212 1278 3296; baseline 0 -18"><span class='ocrx_word' id='word_1_204' title='bbox 141 3215 234 3279; x_wconf 87' lang='lat' dir='ltr'>tione</span> <span class='ocrx_word' id='word_1_205' title='bbox 249 3215 382 3280; x_wconf 87' lang='lat' dir='ltr'>illarum</span> <span class='ocrx_word' id='word_1_206' title='bbox 397 3212 636 3296; x_wconf 89' lang='lat' dir='ltr'>provinciarum</span> <span class='ocrx_word' id='word_1_207' title='bbox 662 3218 695 3275; x_wconf 91' lang='lat' dir='ltr'>et</span> <span class='ocrx_word' id='word_1_208' title='bbox 718 3213 834 3276; x_wconf 88' lang='lat' dir='ltr'>ceteris</span> <span class='ocrx_word' id='word_1_209' title='bbox 861 3214 928 3277; x_wconf 91' lang='lat' dir='ltr'>suis</span> <span class='ocrx_word' id='word_1_210' title='bbox 953 3213 1100 3280; x_wconf 86' lang='lat' dir='ltr'>felicibus</span> <span class='ocrx_word' id='word_1_211' title='bbox 1126 3217 1278 3282; x_wconf 90' lang='lat' dir='ltr'>successi-</span> 
     </span>
     <span class='ocr_line' id='line_1_28' title="bbox 139 3319 1279 3406; baseline -0.001 -18"><span class='ocrx_word' id='word_1_212' title='bbox 139 3325 208 3389; x_wconf 90' lang='lat' dir='ltr'>bus</span> <span class='ocrx_word' id='word_1_213' title='bbox 232 3323 366 3387; x_wconf 89' lang='lat' dir='ltr'>uuutius</span> <span class='ocrx_word' id='word_1_214' title='bbox 392 3321 486 3386; x_wconf 90' lang='lat' dir='ltr'>uobis</span> <span class='ocrx_word' id='word_1_215' title='bbox 517 3319 646 3386; x_wconf 88' lang='lat' dir='ltr'>ablatus</span> <span class='ocrx_word' id='word_1_216' title='bbox 681 3319 761 3401; x_wconf 71' lang='lat' dir='ltr'>fuit,</span> <span class='ocrx_word' id='word_1_217' title='bbox 793 3321 850 3385; x_wconf 89' lang='lat' dir='ltr'>sed</span> <span class='ocrx_word' id='word_1_218' title='bbox 875 3320 1047 3386; x_wconf 90' lang='lat' dir='ltr'>certificati</span> <span class='ocrx_word' id='word_1_219' title='bbox 1078 3329 1193 3406; x_wconf 89' lang='lat' dir='ltr'>postea</span> <span class='ocrx_word' id='word_1_220' title='bbox 1221 3344 1279 3406; x_wconf 91' lang='lat' dir='ltr'>per</span> 
     </span>
     <span class='ocr_line' id='line_1_29' title="bbox 140 3425 1279 3515; baseline -0.002 -18"><span class='ocrx_word' id='word_1_221' title='bbox 140 3431 321 3498; x_wconf 89' lang='lat' dir='ltr'>adventum</span> <span class='ocrx_word' id='word_1_222' title='bbox 354 3429 396 3493; x_wconf 91' lang='lat' dir='ltr'>ad</span> <span class='ocrx_word' id='word_1_223' title='bbox 427 3449 485 3493; x_wconf 86' lang='lat' dir='ltr'>uos</span> <span class='ocrx_word' id='word_1_224' title='bbox 516 3425 700 3492; x_wconf 86' lang='lat' dir='ltr'>Reverendi</span> <span class='ocrx_word' id='word_1_225' title='bbox 732 3478 920 3494; x_wconf 93' lang='grc'><em>.....</em></span> <span class='ocrx_word' id='word_1_226' title='bbox 951 3426 1105 3494; x_wconf 89' lang='lat' dir='ltr'>Oratoris</span> <span class='ocrx_word' id='word_1_227' title='bbox 1136 3431 1279 3515; x_wconf 87' lang='lat' dir='ltr'>ejusdem</span> 
     </span>
     <span class='ocr_line' id='line_1_30' title="bbox 139 3535 1282 3623; baseline 0.001 -20"><span class='ocrx_word' id='word_1_228' title='bbox 139 3538 335 3623; x_wconf 87' lang='lat' dir='ltr'>Majestatis</span> <span class='ocrx_word' id='word_1_229' title='bbox 351 3535 395 3603; x_wconf 88' lang='lat' dir='ltr'>ad</span> <span class='ocrx_word' id='word_1_230' title='bbox 410 3535 579 3602; x_wconf 83' lang='lat' dir='ltr'>Summum</span> <span class='ocrx_word' id='word_1_231' title='bbox 599 3535 792 3601; x_wconf 90' lang='lat' dir='ltr'>Pontificem</span> <span class='ocrx_word' id='word_1_232' title='bbox 815 3537 992 3602; x_wconf 89' lang='lat' dir='ltr'>discessum</span> <span class='ocrx_word' id='word_1_233' title='bbox 1019 3544 1111 3602; x_wconf 90' lang='lat' dir='ltr'>tuum</span> <span class='ocrx_word' id='word_1_234' title='bbox 1135 3547 1282 3606; x_wconf 90' lang='lat' dir='ltr'>matura-</span> 
     </span>
     <span class='ocr_line' id='line_1_31' title="bbox 49 3641 1280 3729; baseline -0.003 -14"><span class='ocrx_word' id='word_1_235' title='bbox 49 3641 52 3649; x_wconf 40' lang='lat'><em>*</em></span> <span class='ocrx_word' id='word_1_236' title='bbox 140 3651 263 3729; x_wconf 88' lang='lat' dir='ltr'>vimus,</span> <span class='ocrx_word' id='word_1_237' title='bbox 279 3653 316 3711; x_wconf 93' lang='lat' dir='ltr'>ut</span> <span class='ocrx_word' id='word_1_238' title='bbox 331 3666 404 3710; x_wconf 92' lang='lat' dir='ltr'>cum</span> <span class='ocrx_word' id='word_1_239' title='bbox 414 3643 522 3727; x_wconf 87' lang='lat' dir='ltr'>Regia</span> <span class='ocrx_word' id='word_1_240' title='bbox 539 3643 748 3710; x_wconf 85' lang='lat' dir='ltr'>Sublimitate</span> <span class='ocrx_word' id='word_1_241' title='bbox 764 3666 832 3728; x_wconf 89' lang='lat' dir='ltr'>sua,</span> <span class='ocrx_word' id='word_1_242' title='bbox 848 3667 907 3729; x_wconf 93' lang='lat' dir='ltr'>pro</span> <span class='ocrx_word' id='word_1_243' title='bbox 925 3647 1031 3710; x_wconf 84' lang='lat' dir='ltr'>officio</span> <span class='ocrx_word' id='word_1_244' title='bbox 1048 3654 1159 3712; x_wconf 89' lang='lat' dir='ltr'>mutue</span> <span class='ocrx_word' id='word_1_245' title='bbox 1171 3657 1280 3714; x_wconf 89' lang='lat' dir='ltr'>nostre</span> 
     </span>
     <span class='ocr_line' id='line_1_32' title="bbox 139 3755 1280 3840; baseline -0.001 -17"><span class='ocrx_word' id='word_1_246' title='bbox 139 3755 363 3823; x_wconf 86' lang='lat' dir='ltr'>benivolentie</span> <span class='ocrx_word' id='word_1_247' title='bbox 389 3760 422 3818; x_wconf 90' lang='lat' dir='ltr'>et</span> <span class='ocrx_word' id='word_1_248' title='bbox 446 3755 576 3836; x_wconf 90' lang='lat' dir='ltr'>amoris,</span> <span class='ocrx_word' id='word_1_249' title='bbox 602 3761 713 3820; x_wconf 90' lang='lat' dir='ltr'>nostro</span> <span class='ocrx_word' id='word_1_250' title='bbox 739 3755 868 3819; x_wconf 88' lang='lat' dir='ltr'>nomine</span> <span class='ocrx_word' id='word_1_251' title='bbox 894 3756 1142 3837; x_wconf 88' lang='lat' dir='ltr'>congratuleris,</span> <span class='ocrx_word' id='word_1_252' title='bbox 1171 3757 1280 3840; x_wconf 88' lang='lat' dir='ltr'>sicque</span> 
     </span>
     <span class='ocr_line' id='line_1_33' title="bbox 139 3862 1280 3947; baseline 0 -17"><span class='ocrx_word' id='word_1_253' title='bbox 139 3865 250 3930; x_wconf 86' lang='lat' dir='ltr'>facias</span> <span class='ocrx_word' id='word_1_254' title='bbox 275 3885 348 3927; x_wconf 90' lang='lat' dir='ltr'>cnm</span> <span class='ocrx_word' id='word_1_255' title='bbox 374 3863 461 3926; x_wconf 89' lang='lat' dir='ltr'>omni</span> <span class='ocrx_word' id='word_1_256' title='bbox 488 3863 695 3945; x_wconf 87' lang='lat' dir='ltr'>expressione</span> <span class='ocrx_word' id='word_1_257' title='bbox 721 3862 827 3926; x_wconf 89' lang='lat' dir='ltr'>leticie</span> <span class='ocrx_word' id='word_1_258' title='bbox 854 3870 964 3928; x_wconf 89' lang='lat' dir='ltr'>nostre</span> <span class='ocrx_word' id='word_1_259' title='bbox 984 3872 1016 3928; x_wconf 90' lang='lat' dir='ltr'>et</span> <span class='ocrx_word' id='word_1_260' title='bbox 1043 3865 1280 3947; x_wconf 88' lang='lat' dir='ltr'>significatione</span> 
     </span>
     <span class='ocr_line' id='line_1_34' title="bbox 143 3969 1281 4055; baseline -0.002 -17"><span class='ocrx_word' id='word_1_261' title='bbox 143 3973 364 4038; x_wconf 87' lang='lat' dir='ltr'>sincerissime</span> <span class='ocrx_word' id='word_1_262' title='bbox 396 3976 508 4034; x_wconf 88' lang='lat' dir='ltr'>nostre</span> <span class='ocrx_word' id='word_1_263' title='bbox 539 3969 712 4035; x_wconf 90' lang='lat' dir='ltr'>charitatis</span> <span class='ocrx_word' id='word_1_264' title='bbox 745 3992 823 4052; x_wconf 89' lang='lat' dir='ltr'>erga</span> <span class='ocrx_word' id='word_1_265' title='bbox 849 3971 1058 4054; x_wconf 88' lang='lat' dir='ltr'>Majestatem</span> <span class='ocrx_word' id='word_1_266' title='bbox 1091 3973 1281 4055; x_wconf 85' lang='lat' dir='ltr'>predictam,</span> 
     </span>
     <span class='ocr_line' id='line_1_35' title="bbox 140 4077 1283 4166; baseline 0 -20"><span class='ocrx_word' id='word_1_267' title='bbox 140 4088 263 4166; x_wconf 89' lang='lat' dir='ltr'>postea</span> <span class='ocrx_word' id='word_1_268' title='bbox 278 4080 391 4159; x_wconf 88' lang='lat' dir='ltr'>addas,</span> <span class='ocrx_word' id='word_1_269' title='bbox 407 4077 495 4162; x_wconf 89' lang='lat' dir='ltr'>quod</span> <span class='ocrx_word' id='word_1_270' title='bbox 510 4101 667 4143; x_wconf 87' lang='lat' dir='ltr'>memores</span> <span class='ocrx_word' id='word_1_271' title='bbox 683 4086 793 4144; x_wconf 88' lang='lat' dir='ltr'>mutue</span> <span class='ocrx_word' id='word_1_272' title='bbox 819 4081 903 4145; x_wconf 91' lang='lat' dir='ltr'>inter</span> <span class='ocrx_word' id='word_1_273' title='bbox 927 4102 986 4144; x_wconf 88' lang='lat' dir='ltr'>nos</span> <span class='ocrx_word' id='word_1_274' title='bbox 1012 4081 1225 4146; x_wconf 88' lang='lat' dir='ltr'>benivolentie</span> <span class='ocrx_word' id='word_1_275' title='bbox 1250 4089 1283 4146; x_wconf 89' lang='lat' dir='ltr'>et</span> 
     </span>
     <span class='ocr_line' id='line_1_36' title="bbox 140 4189 1282 4273; baseline -0.001 -17"><span class='ocrx_word' id='word_1_276' title='bbox 140 4191 267 4256; x_wconf 85' lang='lat' dir='ltr'>amoris</span> <span class='ocrx_word' id='word_1_277' title='bbox 283 4197 316 4254; x_wconf 90' lang='lat' dir='ltr'>et</span> <span class='ocrx_word' id='word_1_278' title='bbox 330 4189 488 4273; x_wconf 89' lang='lat' dir='ltr'>laborum,</span> <span class='ocrx_word' id='word_1_279' title='bbox 504 4190 786 4273; x_wconf 89' lang='lat' dir='ltr'>periculorumque</span> <span class='ocrx_word' id='word_1_280' title='bbox 798 4191 982 4254; x_wconf 88' lang='lat' dir='ltr'>comunium</span> <span class='ocrx_word' id='word_1_281' title='bbox 994 4191 1079 4253; x_wconf 89' lang='lat' dir='ltr'>inter</span> <span class='ocrx_word' id='word_1_282' title='bbox 1097 4213 1161 4273; x_wconf 82' lang='lat' dir='ltr'>nos,</span> <span class='ocrx_word' id='word_1_283' title='bbox 1173 4213 1282 4273; x_wconf 90' lang='lat' dir='ltr'>quam-</span> 
     </span>
     <span class='ocr_line' id='line_1_37' title="bbox 141 4295 1280 4381; baseline -0.003 -17"><span class='ocrx_word' id='word_1_284' title='bbox 141 4303 197 4364; x_wconf 90' lang='lat' dir='ltr'>vis</span> <span class='ocrx_word' id='word_1_285' title='bbox 213 4321 278 4364; x_wconf 91' lang='lat' dir='ltr'>non</span> <span class='ocrx_word' id='word_1_286' title='bbox 295 4299 338 4364; x_wconf 88' lang='lat' dir='ltr'>ad</span> <span class='ocrx_word' id='word_1_287' title='bbox 362 4319 420 4363; x_wconf 87' lang='lat' dir='ltr'>uos</span> <span class='ocrx_word' id='word_1_288' title='bbox 446 4297 541 4378; x_wconf 90' lang='lat' dir='ltr'>solos,</span> <span class='ocrx_word' id='word_1_289' title='bbox 568 4297 626 4362; x_wconf 89' lang='lat' dir='ltr'>sed</span> <span class='ocrx_word' id='word_1_290' title='bbox 651 4296 694 4361; x_wconf 91' lang='lat' dir='ltr'>ad</span> <span class='ocrx_word' id='word_1_291' title='bbox 721 4297 863 4381; x_wconf 90' lang='lat' dir='ltr'>reliquos</span> <span class='ocrx_word' id='word_1_292' title='bbox 889 4297 989 4362; x_wconf 88' lang='lat' dir='ltr'>etiam</span> <span class='ocrx_word' id='word_1_293' title='bbox 1015 4295 1222 4366; x_wconf 81' lang='lat' dir='ltr'>Christianos</span> <span class='ocrx_word' id='word_1_294' title='bbox 1238 4299 1280 4363; x_wconf 92' lang='lat' dir='ltr'>ab</span> 
     </span>
     <span class='ocr_line' id='line_1_38' title="bbox 141 4404 1282 4489; baseline 0.001 -18"><span class='ocrx_word' id='word_1_295' title='bbox 141 4407 380 4474; x_wconf 87' lang='lat' dir='ltr'>immanissimo</span> <span class='ocrx_word' id='word_1_296' title='bbox 397 4406 540 4470; x_wconf 92' lang='lat' dir='ltr'>omnium</span> <span class='ocrx_word' id='word_1_297' title='bbox 556 4406 648 4470; x_wconf 90' lang='lat' dir='ltr'>hoste</span> <span class='ocrx_word' id='word_1_298' title='bbox 665 4404 773 4470; x_wconf 77' lang='lat' dir='ltr'>Turco</span> <span class='ocrx_word' id='word_1_299' title='bbox 790 4406 986 4488; x_wconf 87' lang='lat' dir='ltr'>pertincant,</span> <span class='ocrx_word' id='word_1_300' title='bbox 1001 4405 1045 4470; x_wconf 91' lang='lat' dir='ltr'>ad</span> <span class='ocrx_word' id='word_1_301' title='bbox 1070 4406 1282 4489; x_wconf 87' lang='lat' dir='ltr'>Majestatem</span> 
     </span>
     <span class='ocr_line' id='line_1_39' title="bbox 140 4513 1281 4594; baseline -0.004 -10"><span class='ocrx_word' id='word_1_302' title='bbox 140 4515 248 4584; x_wconf 79' lang='lat' dir='ltr'>Suam</span> <span class='ocrx_word' id='word_1_303' title='bbox 264 4521 296 4577; x_wconf 88' lang='lat' dir='ltr'>te</span> <span class='ocrx_word' id='word_1_304' title='bbox 314 4515 444 4578; x_wconf 91' lang='lat' dir='ltr'>mittere</span> <span class='ocrx_word' id='word_1_305' title='bbox 459 4513 717 4594; x_wconf 87' lang='lat' dir='ltr'>deliberavimus,</span> <span class='ocrx_word' id='word_1_306' title='bbox 743 4520 779 4578; x_wconf 92' lang='lat' dir='ltr'>ut</span> <span class='ocrx_word' id='word_1_307' title='bbox 805 4513 889 4578; x_wconf 90' lang='lat' dir='ltr'>sicut</span> <span class='ocrx_word' id='word_1_308' title='bbox 914 4515 1053 4579; x_wconf 87' lang='lat' dir='ltr'>antehae</span> <span class='ocrx_word' id='word_1_309' title='bbox 1078 4513 1185 4581; x_wconf 88' lang='lat' dir='ltr'>facere</span> <span class='ocrx_word' id='word_1_310' title='bbox 1210 4537 1281 4582; x_wconf 93' lang='lat' dir='ltr'>cum</span> 
     </span>
    </p>
   </div>
   <div class='ocr_carea' id='block_1_7' title="bbox 184 4649 1175 4703">
    <p class='ocr_par' dir='ltr' id='par_1_10' title="bbox 184 4649 1175 4703">
     <span class='ocr_line' id='line_1_40' title="bbox 184 4649 1175 4703; baseline 0 -17"><span class='ocrx_word' id='word_1_311' title='bbox 184 4651 248 4688; x_wconf 59' lang='lat'>10³.</span> <span class='ocrx_word' id='word_1_312' title='bbox 264 4649 346 4687; x_wconf 69' lang='lat' dir='ltr'>fluns.</span> <span class='ocrx_word' id='word_1_313' title='bbox 362 4649 430 4686; x_wconf 76' lang='lat' dir='ltr'>mr.</span> <span class='ocrx_word' id='word_1_314' title='bbox 447 4658 490 4670; x_wconf 83' lang='grc'><strong>·“··</strong></span> <span class='ocrx_word' id='word_1_315' title='bbox 507 4651 575 4686; x_wconf 70' lang='lat' dir='ltr'>ACTA</span> <span class='ocrx_word' id='word_1_316' title='bbox 606 4651 668 4686; x_wconf 74' lang='lat' dir='ltr'>nr.</span> <span class='ocrx_word' id='word_1_317' title='bbox 693 4651 718 4686; x_wconf 81' lang='lat' dir='ltr'>V.</span> <span class='ocrx_word' id='word_1_318' title='bbox 1160 4657 1175 4703; x_wconf 79' lang='lat'>8</span> 
     </span>
    </p>
   </div>
   <div class='ocr_carea' id='block_1_8' title="bbox 0 0 1686 5266">
    <p class='ocr_par' dir='ltr' id='par_1_11' title="bbox 0 0 1686 5266">
     <span class='ocr_line' id='line_1_41' title="bbox 0 0 1686 5266; baseline 0 0"><span class='ocrx_word' id='word_1_319' title='bbox 0 0 1686 5266; x_wconf 95' lang='lat' dir='ltr'> </span> 
     </span>
    </p>
   </div>
  </div>
 </body>
</html>
