3340 5260
392 329 455 404 iid
753 323 1173 442 nrnrrostncnmr'nnnhnnn.

389 519 529 586 subditis
554 525 587 584 et
611 516 796 584 hominibus
821 516 951 598 nostris,
977 516 1063 582 sicut
1080 516 1220 582 antehac
1237 512 1395 584 Consules
1411 515 1520 583 nostri

388 629 420 693 in
438 629 570 695 civitate
585 627 658 710 ipsa
673 628 781 694 facere
798 633 873 692 sunt
889 627 1053 708 consueti3
1070 633 1104 691 et
1127 623 1168 692 de
1193 625 1307 711 aliqua
1331 627 1449 693 idonea
1476 625 1520 692 ad

388 737 421 802 id
438 757 553 801 munus
568 755 709 819 persona
726 733 980 821 providebimus.

494 844 547 910 De
572 845 803 914 consuetudine
830 853 863 912 et
887 847 1078 910 commercio
1103 841 1324 910 continuando
1349 867 1408 929 per
1433 846 1519 911 cives

386 963 419 1020 et
435 953 582 1021 subditos
599 962 730 1021 nostros
745 956 781 1020 in
796 956 854 1020 illa
878 956 1021 1037 civitate,
1038 976 1148 1020 sumus
1165 955 1318 1036 contenti,
1340 955 1427 1020 utin
1446 954 1520 1036 ipsa

386 1064 471 1128 cives
482 1071 515 1128 et
523 1063 671 1130 homines
682 1065 784 1128 nostri
795 1069 1007 1130 versenturet
1016 1061 1176 1146 traficent,
1187 1065 1271 1128 sicut
1287 1062 1520 1129 antehacface-

385 1193 421 1237 re
431 1174 575 1238 conueti
587 1177 740 1251 ereut3et
751 1173 898 1255 quamvis
909 1170 1030 1237 nemini
1041 1171 1074 1236 id
1084 1170 1519 1255 prohibuerimus;declara·

385 1280 492 1346 bimus
508 1287 619 1346 tamen
635 1280 784 1346 omnibus
800 1280 884 1344 hanc
899 1299 969 1345 esse
996 1285 1144 1344 nostram
1172 1280 1385 1362 voluntatem,
1411 1301 1519 1346 serva·

385 1389 428 1455 tis
445 1410 572 1472 semper
588 1388 715 1471 legibus
733 1394 766 1454 et
781 1385 950 1454 ordinibus
966 1388 1096 1471 nostris,
1112 1409 1174 1471 que
1200 1389 1359 1472 permissa
1385 1395 1418 1454 et
1442 1411 1519 1455 cou-

385 1520 486 1580 cessa,
502 1506 535 1565 et
561 1501 639 1564 item
656 1497 823 1582 prohibita
839 1496 1017 1579 declarant,
1034 1497 1081 1562 ita
1108 1503 1143 1560 ut
1168 1496 1209 1562 ob
1226 1503 1389 1563 mutatum
1405 1497 1521 1586 Domi7

385 1609 473 1672 nium
489 1608 521 1672 in
539 1607 611 1673 loco
628 1608 695 1688 illo,
711 1606 793 1671 nihil
808 1613 917 1672 temen
933 1605 1020 1669 circa
1032 1606 1110 1690 jura
1135 1608 1169 1670 et
1182 1605 1427 1690 jurisdictiones
1443 1627 1518 1672 nos-

383 1721 463 1799 tras,
478 1721 547 1782 tam
563 1717 597 1780 in
613 1713 697 1780 mari
713 1733 811 1798 quam
827 1712 933 1778 inille
953 1713 1033 1778 urbe
1047 1717 1210 1778 mutatum
1228 1715 1278 1796 sit,
1295 1713 1353 1778 sed
1378 1715 1425 1780 ita
1449 1733 1518 1780 scr·

384 1829 484 1905 vetur,
501 1824 584 1890 sicut
600 1845 657 1906 per
673 1823 818 1907 elapsum
835 1827 998 1888 servatum
1015 1821 1087 1888 fuit.

492 1931 549 1999 Ad
573 1932 781 2014 frumentum,
806 1933 915 1998 riuum
940 1938 974 1997 et
999 1931 1107 1997 oleum
1130 1951 1170 1996 ex
1196 1929 1346 1997 Marchia
1372 1928 1518 2016 Segnam

385 2041 639 2124 conducendum,
657 2062 766 2106 sumus
782 2041 927 2106 contenti
944 2039 1048 2105 eidem
1065 2036 1245 2122 Magnifice
1262 2037 1358 2104 Bano
1381 2038 1421 2105 de
1447 2061 1519 2106 mu-

386 2149 551 2218 nificentia
578 2156 612 2216 et
641 2151 750 2231 gratia
776 2154 891 2214 nostra
916 2146 1092 2213 concedere
1117 2147 1366 2213 conductionem
1394 2148 1460 2215 vini
1486 2158 1521 2214 et

383 2258 538 2325 frumenti
565 2281 603 2324 ex
628 2257 781 2324 Marchia
806 2256 849 2322 ad
875 2255 965 2322 illam
991 2256 1156 2322 civitatem
1181 2278 1242 2341 pro
1275 2257 1521 2341 quantitatibus

382 2369 565 2453 postulatis,
581 2374 614 2434 et
629 2389 689 2451 pro
705 2389 770 2432 una
784 2371 896 2432 tomen
913 2365 981 2431 vice
997 2385 1057 2448 pro
1074 2365 1287 2432 subventione
1312 2372 1345 2431 et
1364 2365 1519 2432 substen-

383 2484 529 2545 tamento
545 2476 634 2543 illius
650 2475 723 2557 loci,
740 2497 814 2542 cum
831 2474 971 2560 navigijs
987 2471 1121 2542 Venetis
1147 2475 1197 2540 vel
1219 2473 1424 2540 subditorum
1443 2496 1519 2542 nos·

380 2592 514 2652 trorum.
533 2586 583 2652 De
600 2585 672 2651 oleo
690 2590 799 2651 nutem
815 2590 951 2667 possunt
966 2583 1136 2650 extrahere
1154 2605 1194 2647 ex
1210 2583 1274 2649 hac
1291 2583 1384 2651 Urbe
1400 2589 1516 2650 nostra

381 2716 441 2780 pro
456 2693 553 2761 libito
570 2715 631 2760 suo
655 2692 836 2760 cummodis
853 2697 886 2757 et
901 2689 1071 2758 ordinibus
1088 2693 1261 2758 consuetis.

487 2803 540 2870 Dc
556 2800 768 2869 conductione
785 2801 923 2886 salnitrij
941 2799 1029 2866 etde
1046 2801 1290 2882 munitionibus,
1315 2823 1397 2885 quas
1422 2802 1517 2886 petit,

381 2919 551 2978 excusetur
569 2917 602 2977 et
617 2911 808 2977 honestetur
825 2909 1015 2976 Dominium
1032 2916 1179 2976 nostrum
1196 2909 1237 2976 ob
1253 2916 1385 2976 nostras
1402 2931 1517 2977 neces-

381 3021 497 3087 sitntes
521 3028 590 3086 tum
615 3020 739 3100 classis,
765 3020 951 3085 tumetium
970 3019 1138 3084 civitatum
1162 3024 1196 3084 ct
1221 3019 1367 3084 locorum
1383 3025 1516 3085 nostro·

379 3151 453 3194 rum
468 3135 605 3214 propter
620 3126 743 3194 bellum
759 3128 973 3208 Turchorum,
990 3135 1023 3193 et
1048 3128 1211 3210 quomodo
1237 3129 1339 3194 etiam
1364 3129 1398 3195 id
1424 3135 1474 3194 est
1488 3150 1511 3193 a

379 3237 507 3324 legibus
522 3237 653 3303 nostris.

486 3343 711 3431 Subjungatur
735 3351 850 3429 postea
875 3351 908 3410 et
934 3344 1064 3410 dicatur
1089 3341 1224 3429 Nuntijs
1259 3344 1444 3426 antedictis,
1470 3351 1508 3411 ut

379 3453 541 3538 prosatum
558 3451 771 3537 Magnificum
786 3453 916 3518 Banum
933 3453 1105 3519 hortentur
1121 3459 1235 3520 nostro
1259 3451 1397 3536 nomine,
1423 3450 1513 3536 qnod

378 3562 523 3628 homines
547 3583 769 3646 quoscumque
795 3583 871 3628 suos
886 3562 929 3626 cb
946 3561 1073 3628 damnis
1090 3562 1294 3628 subditorum
1320 3568 1508 3628 nostrorum

376 3669 539 3737 abstinere
569 3671 670 3736 faciat
701 3676 733 3736 et
762 3669 857 3736 illata
887 3663 1008 3736 domna
1048 3671 1208 3751 resarciri,
1242 3671 1326 3737 sicut
1362 3677 1508 3736 mutuam

380 3786 525 3846 nostram
560 3779 813 3846 benivolentiam
859 3800 932 3845 cum
968 3779 1076 3863 Regia
1115 3777 1295 3866 Majestate
1335 3781 1510 3866 Hungarie

377 3881 479 3970 decet,
505 3895 538 3954 et
564 3891 650 3956 sicut
674 3889 763 3954 illius
787 3887 947 3972 Majestas
973 3888 1097 3971 pluries
1123 3889 1255 3973 scripsit
1280 3895 1313 3954 et
1328 3891 1513 3975 imperarit,

379 4017 452 4062 oum
469 3997 619 4064 omnibus
636 3993 703 4062 illis
720 3997 984 4062 convenientibus
1003 3995 1118 4076 verbis,
1133 4017 1195 4078 que
1206 3996 1340 4081 Oolegio
1359 3999 1427 4062 visa
1441 3996 1514 4062 fue-

376 4108 430 4189 rit,
446 4103 608 4191 quomodo
625 4104 726 4189 nohis,
738 4106 800 4171 nisi
810 4123 909 4190 grave
920 4109 1015 4187 esset,
1026 4104 1334 4189 immoimpossihile
1347 4107 1513 4171 sustinere

377 4213 559 4282 hominium
585 4222 772 4283 nostrorum
798 4216 919 4282 damna
944 4221 978 4280 et
1002 4214 1048 4282 eis
1072 4214 1107 4281 in
1133 4214 1199 4280 suis
1223 4211 1515 4281 commoditatibus

377 4323 586 4408 complacere.
604 4365 647 4373 -
663 4323 717 4391 De
731 4330 826 4409 parte
843 4329 895 4390 80.

486 4451 642 4511 (Veientani
656 4451 835 4516 dllemkbnyv
851 4455 909 4503 112.
923 4449 953 4516 l.)
