3356 5266
652 393 746 458 1467.
1223 395 1268 459 65

133 570 275 654 Hocque
290 587 376 636 anno
391 567 572 654 perfamam
599 571 724 652 classis,
742 591 804 657 que
822 592 842 636 a
863 571 994 639 Turcbo
1015 581 1131 665 potens
1155 576 1265 658 parari

133 678 311 760 ferebatur,
327 685 477 763 preterea
502 678 634 744 solitum
660 701 838 761 numerum,
863 683 1046 765 complures
1072 683 1157 749 alias
1173 684 1269 748 trire-

133 807 202 852 mes
218 793 253 851 et
267 808 366 851 nares
384 792 522 869 quatuor
538 807 674 869 magnas
690 789 830 854 maximo
847 795 980 874 sumptu
997 797 1110 856 nostro
1127 790 1266 856 armadi-

132 917 214 960 mus.
239 893 399 960 Preterea
423 915 483 979 pro
508 895 694 961 defensione
719 894 870 978 Albanie,
895 895 930 963 in
953 919 1051 982 quam
1067 900 1267 983 provinciam

132 1003 222 1069 lama
237 1010 310 1069 erat
326 1003 418 1069 illum
433 1005 560 1087 potenti
575 1005 718 1070 exercitu
734 1008 853 1088 venire,
877 1027 1031 1090 magnum
1056 1030 1094 1073 eo
1119 1007 1266 1093 peditum

132 1134 304 1178 numerum
328 1113 484 1194 misimus,
510 1131 573 1194 que
600 1114 709 1177 omnia
733 1114 803 1178 sine
827 1114 975 1181 alicuiius
990 1115 1101 1182 lavore
1128 1116 1171 1181 ad
1197 1117 1267 1182 uni·

133 1221 262 1286 versele
278 1220 528 1286 christianitatis
544 1221 749 1286 commodum
765 1222 908 1290 fecimus.
926 1223 1074 1308 Rogabis
1085 1226 1196 1308 itaque
1207 1221 1264 1289 Se·

133 1329 307 1394 renitatem
323 1327 433 1408 Suam,
450 1330 601 1412 omnique
617 1329 754 1395 honesto
772 1332 881 1397 studio
898 1332 1048 1418 instabis,
1064 1341 1101 1400 ut
1111 1332 1267 1398 adversus

133 1439 244 1520 ipsum
268 1436 559 1502 insolentissimum
585 1436 712 1502 hostem
737 1445 891 1522 potenter
917 1461 951 1505 se
977 1462 1106 1506 movere
1131 1441 1218 1520 velit,
1234 1445 1268 1505 et

134 1545 309 1625 divertere,
325 1567 365 1610 ac
381 1547 467 1610 vires
483 1566 559 1609 suas
575 1542 719 1610 dividere
735 1555 892 1630 cogatur3
910 1549 953 1614 ad
979 1570 1061 1632 quas
1077 1570 1130 1614 res
1145 1547 1266 1614 iacien-

133 1653 196 1718 das
213 1654 242 1718 si
259 1651 328 1719 Sua
344 1651 511 1719 Serenitas
528 1653 590 1717 sibi
616 1651 740 1718 diceret
764 1657 911 1740 pecunijs
928 1677 1008 1740 opus
1025 1678 1105 1738 esse,
1122 1679 1143 1722 a
1158 1655 1268 1722 nobis·

134 1783 197 1844 que
214 1760 376 1826 subveniri
392 1765 535 1843 peteret:
551 1761 760 1846 respondebis
779 1785 838 1829 nos
857 1766 1007 1830 maximis
1023 1765 1178 1848 impensis
1193 1784 1268 1847 gra·

134 1875 229 1934 ratos
246 1889 326 1950 esse,
342 1869 434 1950 adeo,
451 1869 540 1950 qnod
557 1867 756 1952 impossibile
772 1871 904 1936 omnino
921 1879 1006 1937 esset
1015 1873 1159 1956 aliquam
1175 1893 1270 1956 pecu-

134 1978 225 2042 niam
242 1997 414 2059 errogare3
431 1979 506 2040 etsi
524 1977 680 2060 expositis
696 1979 880 2061 hujusmodi
897 1981 995 2046 rebus
1013 1979 1180 2047 Serenitas
1197 1979 1267 2047 Sua

134 2085 264 2169 aliquid
279 2085 340 2151 tibi
355 2085 395 2150 de
411 2106 491 2169 pace
507 2085 607 2150 Turci
618 2086 750 2168 diceret,
760 2087 865 2172 deque
875 2110 1034 2156 consensu
1044 2111 1103 2156 suo
1115 2089 1159 2155 ad
1174 2088 1265 2155 illam

132 2193 320 2260 faciendam
335 2195 369 2258 in
385 2193 516 2275 scriptis
533 2193 626 2258 nobis
642 2195 740 2260 misso
752 2221 758 2260 :
769 2196 858 2262 dices
874 2197 1050 2264 intellectis
1066 2197 1266 2282 sapientissi-

135 2304 199 2366 mis
215 2301 405 2382 rationibus,
422 2301 541 2384 quibus
558 2299 724 2368 Serenitas
742 2299 810 2368 Sua
821 2304 862 2368 ad
872 2304 964 2369 illum
974 2304 1158 2370 faciendum
1174 2309 1265 2369 mota

134 2409 210 2490 fuit,
224 2409 299 2475 illas
315 2431 375 2477 nos
391 2409 565 2492 plurimum
581 2407 724 2491 laudare,
741 2411 835 2496 eique
859 2414 986 2495 gratias
1011 2435 1117 2495 agere.
1141 2411 1266 2480 Verum

135 2517 471 2584 animadvertentibus
497 2517 591 2583 nobis
605 2521 828 2601 arrogantiam
840 2519 935 2604 hujus
954 2522 1177 2586 immanissimi
1192 2519 1267 2586 hos·
1367 2573 1371 2580 .

133 2630 179 2692 tis
196 2649 256 2712 per
272 2625 477 2691 insolentiam
495 2647 585 2692 suam
597 2623 826 2693 difficillimum
833 2627 1026 2712 judicamus.
1037 2649 1150 2710 pacem
1161 2629 1267 2712 ipsam

134 2757 231 2821 posse
258 2737 404 2819 optinere

245 2842 404 2908 Preterea
429 2843 457 2907 si
483 2842 650 2908 Serenitas
676 2843 744 2912 Sua
769 2844 895 2928 aliquid
920 2845 981 2910 tibi
1007 2844 1047 2909 de
1069 2864 1148 2929 pace
1165 2843 1265 2910 Italie

134 2960 292 3034 moveret,
306 2951 518 3035 respondebis
534 2957 616 3017 teste
632 2951 713 3034 Deo,
735 2953 778 3017 ad
794 2952 887 3018 illam
904 2974 963 3018 nos
980 2973 1108 3036 semper
1126 2951 1262 3018 inclina-

136 3061 284 3126 tissimos
300 3059 410 3140 luisse,
426 3081 550 3144 proque
567 3061 625 3125 illa
642 3059 811 3142 servanda,
827 3082 885 3144 per
911 3060 1050 3140 nuntios,
1076 3082 1134 3143 per
1159 3067 1266 3126 orato-

135 3191 193 3234 res
219 3176 350 3236 nostros
367 3146 475 3234 omnia
490 3175 644 3250 tentasse,
660 3176 693 3234 et
707 3169 830 3251 fecisse,
847 3167 982 3253 illicque
998 3169 1267 3235 Bartholomeum

134 3277 335 3357 Oollionum,
350 3277 407 3358 qui
419 3277 488 3359 jam
504 3277 631 3360 aliquot
647 3297 751 3342 annos
776 3299 796 3342 a
820 3277 942 3343 nostris
967 3277 1140 3361 stipendijs
1166 3277 1268 3342 disce·

135 3386 225 3469 dere,
239 3407 279 3450 ac
293 3385 456 3450 fortunam
472 3405 565 3450 suem
582 3383 721 3468 experiri
738 3384 892 3466 instabat,
909 3385 1049 3449 retinere
1058 3384 1191 3450 tandem
1203 3407 1268 3451 non

134 3495 295 3577 potuisse.
312 3493 411 3558 Pacis
428 3493 532 3576 ipsius
546 3493 706 3576 praticam
724 3494 758 3558 in
774 3493 924 3558 manibus
949 3491 1075 3558 Summi
1096 3491 1266 3559 Pontificis

133 3601 182 3668 ad
208 3622 340 3686 presens
365 3602 541 3686 repositam
566 3622 644 3686 esse,
661 3621 932 3686 speraremusqne
949 3623 1008 3667 nos
1024 3601 1188 3666 mediante
1205 3601 1269 3666 ele·

134 3712 342 3777 meritissima
357 3710 576 3775 Bestitudinis
593 3709 658 3776 Sue
674 3731 775 3794 opera
791 3710 950 3794 optimum
965 3711 1086 3774 exitum
1098 3707 1269 3775 essehabi·

133 3827 257 3900 turam,
281 3818 443 3902 Italieque
468 3838 521 3883 res
547 3818 707 3902 componi,
733 3819 918 3901 pacarique,
933 3817 1051 3902 quibus
1068 3818 1268 3902 compositis,

134 3937 240 4011 atque
255 3928 391 4012 pacatis,
407 3926 561 3993 adversus
578 3928 682 3992 crucis
699 3927 808 3992 hostes
823 3927 989 4010 potentior
1005 3927 1114 4010 ingrui
1130 3932 1269 4010 poteret.

247 4035 387 4100 Demum
403 4035 463 4100 tibi
480 4035 682 4117 mandamus,
698 4036 787 4120 quod
798 4033 886 4101 facta
902 4035 1125 4118 suprascripta
1142 4035 1264 4119 exposi-

134 4145 237 4226 tione,
251 4143 383 4229 quando
400 4144 517 4208 iterum
534 4141 731 4209 serenitatis
747 4141 812 4208 Sue
828 4143 1024 4228 presentiam
1052 4140 1169 4223 adibis,
1194 4163 1269 4208 nac-

114 4261 192 4322 tus
208 4252 362 4337 temporis
378 4253 665 4336 opportunitatem,
680 4253 710 4316 ei
726 4249 832 4316 dicere
849 4251 978 4332 debeas,
995 4249 1269 4334 quemadmodum

134 4363 237 4428 etiam
254 4359 390 4427 Oratori
405 4359 470 4426 Sue
486 4357 681 4426 Serenitatis
698 4361 848 4444 diximus,
863 4361 1016 4426 Bannum
1041 4357 1147 4444 Olisij,
1174 4381 1270 4444 quem

135 4467 208 4537 Sua
224 4467 390 4535 Serenitas
406 4468 554 4551 putabat,
564 4490 637 4534 cum
648 4468 789 4535 subditis
806 4471 936 4550 nostris,
948 4471 998 4534 uti
1009 4489 1069 4554 par
1079 4475 1138 4549 est,
1155 4475 1187 4532 et
1203 4489 1271 4532 mu-

28 4603 37 4610 ·
133 4589 213 4646 tuus
229 4599 321 4644 amor
337 4583 448 4643 noster
463 4578 575 4660 exigit,
589 4579 698 4662 quiete
714 4578 880 4662 amiceque
897 4599 969 4643 oum
984 4577 1065 4643 locis
1080 4583 1115 4641 et
1130 4576 1269 4642 subditis

184 4715 287 4754 flom-
300 4715 383 4753 me·
399 4725 443 4738 ···
457 4713 527 4751 itm
542 4715 602 4752 ffl'·
618 4715 644 4752 V.
1145 4708 1160 4759 5
