3356 5266
401 361 462 421 160
761 375 994 422 urrnoxsczuu
1012 362 1181 422 earisteus.

398 545 574 602 tuerentur.
605 535 848 620 obtulimusque
874 537 922 599 eis
948 537 1178 627 stilrendiarios
1204 543 1331 600 nostros
1355 547 1384 600 et
1413 557 1524 600 omues

398 645 523 709 t'arores
540 666 599 728 pro
615 643 847 708 fortificaticure
863 654 895 708 et
913 645 1159 708 conservatione
1175 641 1283 726 Segne
1304 645 1446 708 ciuitatis
1456 667 1522 720 sue,

396 759 428 815 et
443 774 503 834 pro
519 753 648 818 illorum
673 753 932 818 reconciliatione
958 775 1029 818 cum
1054 753 1160 835 Regia
1185 752 1362 834 Maiestate
1389 752 1527 834 Hungu-

399 861 446 925 rie
471 861 728 944 interposuimus
752 881 878 926 omnem
906 869 1051 926 nostram
1077 882 1217 944 operam.
1241 869 1273 926 et
1290 883 1363 924 cum
1380 859 1526 926 Sanctis-

400 970 480 1032 simo
496 967 656 1034 Pontifice
678 979 800 1034 etcum
817 973 887 1052 ipsa
905 967 1011 1052 Regia
1030 970 1225 1050 najaram
1250 969 1422 1053 denuoque
1449 990 1525 1052 ope-

399 1085 529 1144 raturos
555 1100 612 1142 nos
636 1080 810 1156 offerimus,
835 1087 992 1162 quesitum
1019 1079 1114 1143 nobis
1138 1077 1293 1161 postibile
1319 1081 1372 1157 sit,
1396 1085 1432 1141 ut
1457 1085 1527 1142 tam

400 1189 562 1253 civitatem
589 1210 700 1253 eorum
727 1197 926 1272 recuperent.
952 1210 1049 1271 quam
1076 1189 1174 1254 etiam
1191 1189 1317 1270 reliqua
1343 1187 1450 1252 omnia
1467 1207 1527 1250 sua

398 1302 590 1361 conservent
606 1318 664 1380 pro
682 1307 794 1362 nostra
811 1299 938 1362 sincera
953 1305 986 1362 et
1002 1303 1159 1380 perpetua
1175 1298 1208 1360 iu
1225 1317 1281 1360 eos
1303 1317 1414 1360 omnes
1430 1293 1528 1359 bene-

399 1403 541 1469 volentia
563 1411 594 1466 et
620 1425 747 1482 amore;
776 1403 946 1469 hortamur
971 1413 1079 1469 autem
1106 1425 1161 1468 eos
1186 1425 1306 1484 omnes,
1330 1411 1363 1466 ut
1380 1403 1464 1466 uniti
1483 1401 1527 1465 ad

398 1513 673 1578 conservationem
701 1515 865 1596 propriam
892 1521 1097 1579 concurrant.
1122 1521 1155 1577 et
1181 1512 1244 1576 sibi
1275 1514 1354 1595 ipsis
1378 1531 1442 1576 non
1474 1507 1527 1573 de

398 1622 473 1701 sint,
497 1621 707 1704 nitunturque
732 1623 816 1687 omni
844 1620 952 1686 studio
977 1621 1108 1704 placare
1134 1621 1272 1702 Regiam
1291 1621 1527 1702 lllajestutem;

399 1729 455 1794 sed
471 1735 580 1794 tamen
597 1751 660 1794 nou
677 1739 849 1814 propterea
866 1729 1026 1795 desistunt
1043 1731 1085 1794 ab
1101 1729 1247 1794 locorum
1271 1751 1401 1793 suorum
1417 1733 1528 1792 custo-

399 1838 454 1903 dia
470 1843 503 1901 et
518 1840 786 1921 propugnatione.
801 1837 963 1921 quomodo
980 1843 1155 1920 utrumque
1181 1837 1277 1902 simul
1305 1835 1452 1902 faciendo
1478 1835 1530 1899 sa·

398 1946 491 2010 cilior
507 1943 573 2010 illis
588 1947 651 2011 erit
678 1947 862 2030 impetratio
880 1945 1241 2029 reconciliationisque
1258 1947 1290 2010 iu
1307 1967 1341 2009 re
1358 1966 1415 2008 nos
1440 1943 1519 2008 illos

399 2054 544 2118 studiose
558 2059 589 2116 et
606 2053 784 2118 efficaciter
795 2054 988 2136 jurabimus
1004 2063 1161 2136 <quantum
1177 2054 1364 2138 poterimus.

506 2163 558 2227 De
574 2173 667 2246 parte
717 2167 788 2228 142.

506 2269 557 2334 De
575 2293 636 2334 non
763 2276 790 2334 l.

506 2377 581 2444 Non
598 2381 713 2444 sinceri
763 2383 791 2443 2.

506 2507 660 2568 (Velenezei
675 2508 873 2556 Deliberatioui
888 2509 997 2556 &crete
1010 2507 1054 2556 del
1068 2509 1169 2558 Senatu
1184 2511 1332 2556 tres—n».
1346 2521 1408 2570 pag.
1424 2507 1479 2562 82.)

926 2837 997 2898 111.

400 2999 492 3062 1469.
519 2997 546 3060 Α
578 2997 727 3062 oelenczei
752 2997 970 3061 dllumtondcs
995 2996 1137 3060 refrzletes
1163 2995 1295 3058 υάίιιεια
1323 2993 1528 3078 Frunpepdn

401 3106 600 3170 Mrinmmak
626 3107 839 3190 alsierjeczreu
864 3105 1049 3167 strenuis-0
1075 3105 1202 3169 lcdlcedn
1236 3105 1268 3167 e
1297 3102 1389 3188 eyye'd
1420 3103 1529 3187 seye'ly

865 3213 1058 3296 trirqycidun.

399 3372 746 3440 Mssrsouxvssn.
763 3371 814 3434 dic
832 3372 913 3436 XX.
930 3372 1107 3452 February,
1124 3393 1188 3436 nou
1205 3372 1281 3436 data
1300 3373 1341 3435 im
1367 3379 1525 3456 ternpore.

506 3482 609 3546 Facta
626 3483 833 3564 responsione
851 3480 1033 3546 deliberata
1050 3503 1109 3564 per
1126 3481 1186 3544 hoc
1203 3477 1385 3546 Consilium
1395 3479 1526 3560 Magni·

398 3591 530 3656 licencia
546 3590 614 3657 Sua
630 3591 774 3674 porrexit
793 3590 1018 3672 infrascriptos
1035 3589 1219 3672 peticiones,
1248 3589 1365 3671 quibus
1392 3611 1526 3672 respon-

398 3700 523 3780 deatur,
538 3705 571 3763 et
587 3701 691 3783 primo
707 3699 749 3763 ad
767 3699 924 3781 primum:

505 3806 601 3890 Quod
619 3815 652 3870 ut
671 3827 870 3889 peromnem
888 3807 1123 3890 experientiam
1151 3815 1350 3889 cognoscant
1378 3813 1524 3872 nostram

398 3917 431 3980 in
448 3937 501 3980 eos
517 3937 626 3981 omnes
642 3915 894 3981 benivolentiam
919 3925 951 3979 et
978 3915 1185 3999 desyderium
1210 3917 1465 3981 conservationis
1490 3924 1525 3979 et

398 4024 514 4088 salutis
525 4045 646 4103 sonim,
657 4045 767 4087 sumus
784 4027 937 4102 contenti,
954 4030 990 4088 ut
1005 4045 1093 4104 casu,
1118 4046 1183 4108 quo
1201 4025 1351 4108 pactione
1370 4031 1403 4089 et
1419 4024 1527 4107 pretio

397 4140 587 4215 recuperent
614 4133 780 4197 civitatem
797 4130 904 4214 Segne
923 4133 963 4197 ab
981 4132 1073 4214 Rege
1090 4132 1528 4216 Hunga1·ie,quiillamcum

398 4240 512 4305 effectu
529 4243 680 4305 restituat
698 4242 731 4304 in
747 4243 891 4324 ipsorum
909 4241 1122 4306 Domitiorum
1139 4248 1334 4325 pot-estatem
1363 4249 1395 4306 et
1421 4241 1528 4307 arbit·

397 4352 481 4415 rium
498 4347 636 4414 liberum
653 4357 684 4414 et
702 4350 825 4416 eisdem
842 4349 1088 4432 conditionibus,
1115 4351 1231 4433 quibus
1257 4358 1350 4416 tauto
1376 4357 1526 4436 tempore

397 4480 468 4524 eam
485 4457 707 4541 possederant,
723 4467 869 4532 mutuare
886 4459 952 4524 illis
971 4457 1118 4523 Ducatos
1143 4458 1180 4522 X
1196 4459 1275 4524 mila
1291 4480 1350 4541 pro
1376 4459 1528 4525 satisfac-

397 4567 484 4632 tione
500 4567 760 4650 promissionum,
775 4590 856 4650 quas
872 4566 1017 4634 iacerent
1029 4589 1128 4633 causa
1139 4570 1359 4654 suprascripte
1374 4571 1527 4652 redemp-
