3336 5252
672 764 745 824 229.

136 926 237 989 1476.
272 923 393 1010 Alfene
423 923 591 988 calabrici
623 926 763 1010 liercch,
799 923 915 987 ndcc'rc
948 924 1088 987 Beutric
1119 922 1273 1008 kirrilync'

134 1032 313 1096 crrleketen
330 1057 351 1096 a
367 1033 441 1096 dori
456 1031 573 1096 dreelcot
590 1057 611 1096 a
628 1031 777 1096 kolorsai
793 1031 937 1094 erseknez
949 1031 1149 1116 lcdvetse'pden
1165 1031 1272 1094 lctr'lrli.

246 1192 436 1258 Reverende
452 1192 486 1256 in
502 1191 634 1258 Christo
651 1193 763 1275 Pater,
781 1192 884 1258 amice
900 1191 1005 1274 Regis
1021 1197 1157 1275 paterne
1173 1197 1272 1273 atque

134 1306 250 1366 noster
267 1299 453 1367 Carissime.
469 1302 521 1366 Ex
538 1301 645 1366 relatu
663 1301 845 1368 Reverendi
862 1299 1101 1384 archiepiscopi
1118 1299 1272 1364 Barensis

133 1409 221 1492 regii
238 1409 367 1492 paterni
384 1410 537 1494 oratoris,
553 1409 604 1474 cui
621 1410 773 1476 habunde
791 1407 1145 1490 scribimusintelliget
1160 1409 1273 1472 Pater-

134 1518 227 1581 nitas
243 1517 365 1585 Vestra
382 1519 500 1600 omnia,
517 1538 580 1600 que
597 1519 685 1602 apud
702 1517 878 1604 Neapolim
895 1517 946 1581 his
962 1538 1063 1600 prope
1080 1516 1195 1580 diebus
1212 1535 1272 1599 pro

135 1625 247 1690 fausto
268 1625 420 1708 felicique
445 1626 652 1692 matrimonio
677 1625 883 1692 Serenissimi
902 1624 1036 1690 Domini
1061 1624 1165 1706 ,Regis
1181 1623 1273 1690 Hun-

135 1735 231 1815 garie
248 1736 378 1817 cognati
396 1742 428 1800 et
444 1735 548 1818 patris
566 1735 668 1801 nostri
686 1733 957 1800 honorandissimi
975 1754 1046 1798 eum
1058 1731 1273 1799 Serenissima

133 1841 270 1924 Regina
301 1862 413 1907 sorore
444 1848 557 1907 nostra
589 1842 760 1908 carissima
791 1841 958 1908 celebrata
984 1841 1082 1924 luere,
1109 1847 1142 1906 et
1169 1841 1272 1925 ipsius

135 1946 264 2030 Regino
290 1947 467 2014 discessum
499 1955 532 2015 et
556 1949 634 2030 alia,
652 1971 715 2033 que
741 1950 934 2034 paternitati
960 1950 1079 2018 Vestre
1102 1949 1273 2014 referenda

137 2055 266 2139 prelato
292 2058 419 2123 oratori
445 2059 689 2124 commictimus.
714 2058 881 2142 Rogamus
905 2058 1007 2142 igitur
1030 2057 1272 2124 Pateruitatem

137 2163 303 2246 Vestram,
318 2172 357 2231 ut
372 2165 433 2232 sibi
449 2167 482 2232 in
501 2166 646 2232 dicendis
663 2165 759 2230 fidem
777 2167 931 2232 exhibere
947 2166 1036 2250 uelit,
1062 2165 1169 2249 siquid
1186 2167 1272 2230 enim

136 2272 238 2337 olficii
270 2274 374 2338 nostri
406 2295 465 2356 pro
498 2273 659 2357 dignit-ete
690 2281 796 2340 vestra
821 2273 892 2338 fieri
922 2273 1053 2357 poterit,
1091 2273 1124 2337 id
1156 2274 1272 2339 libenti

137 2380 462 2446 animosaciemus.—
473 2381 538 2446 (lat.
550 2381 773 2447 Mansridonie
789 2383 840 2448 die
858 2381 998 2447 secundo
1016 2377 1170 2445 Octobris
1187 2403 1272 2446 anno

136 2486 463 2557 MOCOGLXXVI.
480 2489 600 2556 Vester
616 2489 682 2554 dux
700 2486 853 2556 calabrie
871 2487 1040 2554 Allonsus.

1075 2595 1109 2662 A
1126 2593 1227 2661 Gaze.

247 2702 440 2770 Reverendo
465 2705 498 2770 iu
525 2703 656 2772 Christo
682 2704 777 2771 Patri
804 2703 1022 2771 crotonensi
1047 2711 1080 2770 et
1104 2703 1271 2768 bachiensi

137 2811 409 2896 Archiopiscop0‚
426 2813 531 2878 amico
556 2813 662 2898 Regio
687 2819 826 2898 paterno
843 2819 944 2895 etque
960 2818 1072 2877 nostro
1094 2813 1272 2877 carissimo.

247 2937 315 3004 Sub
331 2937 428 3003 simili
455 2937 560 3005 forma
584 2939 717 3004 luerunt
741 2936 890 3022 expedite
922 2937 1134 3022 infrascripta
1158 2940 1272 3004 lietero

135 3047 236 3112 misse
260 3047 295 3111 in
320 3052 417 3129 posta
443 3045 521 3111 dicti
543 3045 797 3131 Archiepiscopi
825 3047 975 3113 barensis
1006 3048 1147 3112 oratoris
1173 3047 1272 3128 Regii

135 3155 270 3236 directo,
286 3155 504 3239 infrascriptis
519 3156 653 3221 mutatis
670 3153 841 3221 mutandis
858 3153 1032 3222 Videlicet.

245 3278 436 3346 Reverendo
453 3281 487 3345 in
505 3279 590 3345 Oli-o
616 3281 702 3365 patri
720 3286 847 3350 Joonoi
871 3276 1123 3370 drclriepiscopo
1148 3283 1272 3366 Striqo·

137 3390 246 3453 nicusi
262 3388 368 3471 Regni
393 3389 566 3472 Huugaric
592 3389 724 3472 primati
751 3413 789 3455 ac
815 3413 939 3455 summo
966 3391 1149 3472 secretario,
1166 3392 1271 3456 arnico

137 3493 245 3579 Regio
261 3504 401 3580 paterno
418 3504 517 3580 atque
535 3507 650 3564 nostro
667 3499 843 3564 carissimo.

246 3621 335 3688 R-do
352 3624 386 3687 in
403 3620 537 3688 Christo
554 3625 640 3707 patri
652 3627 813 3712 Episcopo
834 3626 1070 3712 Vesprinricnsi
1085 3623 1189 3688 amieo
1206 3621 1272 3689 Ro

136 3731 226 3813 patri
243 3735 343 3814 atque
359 3753 431 3796 n-ro
448 3755 581 3798 car-mo.

247 3857 286 3921 R.
297 3857 331 3920 in
343 3855 426 3922 Cli-o
442 3860 530 3941 patri
541 3857 576 3922 O.
587 3862 751 3947 preposito
769 3862 893 3926 ecclesie
907 3863 1051 3946 Quinque
1066 3859 1269 3925 ecclesiarum

138 3963 256 4029 Sor-mi
275 3963 379 4048 Regis
395 3965 554 4051 lunrgaric
579 3969 798 4049 thesaurario,
815 3969 917 4034 amico
935 3968 1039 4051 Regio
1064 3967 1154 4050 patri
1174 3974 1272 4050 atque

137 4093 210 4136 n-ro
227 4094 358 4139 ear-mo.

246 4197 372 4265 Rev-do
404 4201 436 4265 in
470 4199 552 4267 cuo
583 4201 649 4285 p-ri
678 4203 711 4269 C.
737 4203 883 4289 episcopo
902 4200 1060 4288 Api-iensi
1091 4198 1272 4282 apostolico

137 4303 247 4391 legato
265 4310 460 4376 cancellario
478 4319 509 4376 et
521 4313 695 4377 secretario
707 4311 824 4377 Senmi
836 4310 938 4392 Regis
950 4310 1071 4391 hung-e
1088 4309 1194 4372 amico
1212 4314 1272 4373 etr..

245 4431 475 4502 Illustrissimo
508 4437 639 4502 domino
667 4440 806 4504 Nicnlno
837 4439 875 4502 de
905 4437 1048 4523 Voplaclr
1080 4433 1132 4496 dei
1164 4434 1274 4514 gratia

135 4537 277 4608 Bossnie
295 4542 390 4628 Regi,
407 4545 510 4610 amico
527 4543 633 4628 Regio
649 4551 709 4610 eto.
