3340 5260
760 822 833 884 183.

224 981 326 1047 1474.
344 983 503 1048 Marcello
519 981 644 1047 Mieza
659 982 815 1046 caenosa·
830 983 908 1069 depe
925 982 1030 1048 kevete
1046 983 1131 1048 attat
1147 984 1313 1050 erteaitce'a
1336 1007 1359 1064 ᾳ

217 1093 333 1182 papae
349 1115 372 1155 a
382 1089 476 1157 tero'k
489 1087 770 1172 keazilldde'seirdl,
796 1099 850 1154 ast
867 1091 1006 1178 seqe'lpre
1021 1092 1189 1178 biojofel,
1205 1094 1237 1156 ea
1254 1115 1275 1156 a
1290 1116 1359 1157 mo·

407 1223 493 1288 pyor·
510 1199 679 1287 kirdlyboz
696 1197 795 1264 kalen
811 1200 931 1266 bercta
948 1199 1007 1264 lae'r
1022 1201 1179 1268 soldani.
1249 1239 1258 1248 -

333 1357 490 1426 Nicolaus
515 1357 696 1425 Marcellus
721 1357 787 1426 Dei
820 1359 931 1444 gratia
954 1357 1032 1424 Dux
1059 1358 1273 1428 Venetiarum
1298 1363 1358 1426 etc.

222 1467 341 1536 Nobili
367 1475 401 1534 et
425 1468 566 1552 sapienti
592 1462 677 1536 Viro
707 1462 882 1532 Leonardo
913 1463 1050 1548 Sanuto,
1082 1463 1217 1533 Oratcri
1248 1473 1360 1533 nostro

224 1575 316 1662 apud
333 1573 502 1642 &murum
518 1574 723 1656 Pontificem,
739 1575 829 1640 fideli
847 1575 976 1658 dilecto,
1002 1575 1140 1642 salutem
1165 1582 1198 1640 et
1213 1575 1360 1641 dilectio-

223 1685 278 1750 nis
308 1681 469 1750 affectum.
494 1681 684 1766 Scripsimis
715 1681 821 1766 pridie
848 1674 1031 1766 precessori
1061 1667 1169 1750 restro
1193 1690 1226 1750 et
1255 1683 1357 1764 vobis,

225 1798 388 1876 quantum
404 1791 491 1857 circa
510 1811 579 1857 rem
605 1790 818 1858 christianam
835 1792 1055 1858 necessarium
1072 1791 1167 1858 nobis
1182 1792 1287 1856 visum
1302 1799 1362 1874 est,

223 1905 344 1984 postea
363 1921 402 1966 ex
425 1899 553 1964 umente
578 1897 692 1964 literas
717 1899 902 1982 accepimus
928 1917 967 1962 ex
991 1897 1126 1965 diversis
1137 1887 1231 1982 locis,
1248 1899 1304 1966 sed
1327 1901 1361 1964 in

226 2019 327 2076 uuam
342 2005 543 2090 eandemque
559 2007 787 2072 convenientes
813 2009 1008 2072 sententiam
1024 1997 1167 2072 Uiscum
1192 2007 1270 2074 dato
1291 2008 1360 2091 jam

226 2127 349 2199 magno
365 2121 398 2182 et
412 2114 544 2182 solicito
559 2113 719 2198 principio
737 2115 876 2180 tirmiter
901 2115 1055 2180 statuisse
1080 2137 1119 2180 ex
1144 2114 1361 2200 Hellesponto

226 2225 377 2295 emittere
417 2223 564 2306 proxime
595 2243 669 2288 vere
707 2223 967 2306 potentissimam
1006 2224 1144 2289 classem
1182 2223 1215 2288 in
1254 2224 1361 2290 sinum

226 2329 446 2416 Adriaticum,
461 2335 708 2416 penetraturum
723 2335 757 2395 et
772 2328 909 2396 Italiam
933 2331 1048 2416 ipsam,
1065 2349 1273 2412 egressuram
1290 2317 1362 2397 ¹sine

227 2440 307 2520 ulla,
322 2446 361 2506 nt
376 2437 553 2518 existimat,
569 2437 774 2519 difficultate,
799 2437 887 2521 quod
912 2435 943 2503 ei
967 2459 1007 2504 ex
1029 2443 1106 2504 voto
1122 2439 1284 2524 succedet,
1298 2439 1363 2505 nisi

227 2553 291 2616 aut'
302 2545 418 2626 valide,
434 2545 691 2629 tempestiveque
707 2553 910 2628 occurratur,
926 2552 985 2611 aut
999 2543 1183 2612 divertatur
1202 2533 1361 2631 ejusmodi

227 2653 386 2740 cogitatio
402 2657 435 2720 et
450 2657 585 2722 conatum
602 2653 764 2721 suaevis
778 2659 888 2718 autern
903 2658 938 2718 et
952 2654 1066 2718 modus
1082 2653 1226 2719 faciendi
1242 2660 1365 2719 utrum·
1472 2733 1478 2744 .

228 2784 294 2847 que
311 2765 362 2826 est
376 2759 444 2842 illa,
460 2781 558 2844 quam
577 2759 862 2844 providentissime
888 2760 1053 2844 cogitavit
1069 2757 1223 2828 Summus
1248 2747 1363 2829 Ponti·

227 2869 293 2950 fex,
317 2868 480 2951 generalis
505 2869 649 2933 omnium
675 2867 866 2952 Principum
890 2867 989 2934 Italie
1021 2869 1278 2951 contributiouis,
1302 2891 1363 2954 pro

228 2999 297 3062 qua
320 2975 432 3042 brevia
456 2975 500 3042 ad
524 2980 714 3060 potentatus
740 2977 880 3042 scribere
906 2972 1108 3060 deliberavit,
1139 2977 1223 3043 sicut
1253 2985 1360 3045 vester

226 3105 399 3170 precessor
424 3086 467 3151 ad
492 3105 551 3150 nos
576 3085 726 3150 notitiam
752 3085 852 3167 dedit,
878 3086 1120 3170 plurimumque
1148 3085 1239 3152 illam
1260 3088 1365 3173 juvat,

229 3193 403 3260 confirmat
429 3200 462 3259 et
492 3199 592 3278 auget
623 3193 748 3277 optima
777 3193 868 3277 regie
893 3193 1084 3280 Majestatis
1115 3193 1289 3277 Hungarie
1321 3194 1365 3261 ad

228 3302 470 3386 expeditionem
501 3305 616 3367 contra
640 3300 782 3367 'Puteum
813 3300 963 3367 volumtas
989 3307 1023 3367 et
1046 3303 1234 3386 dispositio;
1259 3309 1291 3368 et
1321 3304 1364 3371 ab

228 3411 416 3497 hujusmodi
431 3409 599 3494 pontificia
615 3409 852 3477 deliberatione
865 3412 1000 3496 juvatur
1015 3412 1114 3478 etiam
1138 3417 1173 3478 et
1196 3413 1365 3480 coufirma-

226 3525 506 3606 tur,.augsturque
515 3525 627 3586 mutuo
637 3518 838 3604 Regiabona
847 3519 1065 3603 dispositio,et
1074 3525 1111 3586 ut
1127 3518 1170 3586 de
1185 3520 1365 3588 intentione

227 3633 264 3696 et
280 3628 496 3714 apparatibus
513 3627 619 3709 Turci,
635 3627 691 3710 qui
707 3649 748 3694 ex
762 3627 902 3696 Oriente
927 3628 1064 3694 allatum
1084 3635 1142 3710 est,
1158 3629 1366 3715 intelligatis

228 3739 364 3803 mittere
378 3735 470 3802 vobis
485 3737 669 3820 exemplum
683 3735 854 3803 literarum
877 3757 917 3801 ex
933 3735 1017 3803 Chio
1034 3745 1066 3804 et
1077 3736 1363 3822 Constantinopoli

230 3844 492 3928 deliberavimus,
507 3843 774 3911 confirmatarum
790 3843 982 3929 plurifarias
998 3843 1091 3930 alias,
1106 3851 1144 3911 ut
1157 3838 1308 3930 diximus,
1329 3851 1367 3912 ut

228 3951 339 4024 nullus
354 3951 567 4020 dubitationis
582 3952 674 4017 locus
689 3951 875 4036 relinquere
897 3952 1048 4018 videatur
1072 3952 1107 4018 in
1131 3952 1287 4035 futurum,
1303 3953 1366 4019 nisi

229 4059 323 4126 Deus
340 4057 555 4144 Omnipotens
569 4059 723 4126 misertus
742 4059 855 4144 populi
871 4057 930 4144 sui,
946 4061 1091 4127 salutare
1115 4061 1250 4145 aliquod
1265 4081 1368 4128 reme-

229 4166 493 4237 dium-adhibeat
507 4171 566 4252 pei
581 4167 831 4253 inspirationem
849 4169 882 4233 in
897 4175 1023 4234 mentes
1045 4164 1239 4254 principum,
1264 4161 1368 4256 negli-

231 4277 344 4360 'geutes
360 4280 393 4342 st
408 4283 591 4344 cessatores
616 4298 695 4359 esse,
719 4277 825 4342 noluit
840 4278 876 4342 in
891 4283 959 4342 tam
987 4284 1083 4360 certo,
1106 4283 1275 4361 tamquam
1289 4298 1367 4363 pro·

230 4385 353 4468 pioque
369 4385 554 4454 discrimine
578 4392 685 4452 statim
708 4385 871 4452 libertatis
885 4388 952 4450 vite
968 4387 1112 4451 omnium
1128 4392 1163 4452 et
1177 4385 1277 4470 ipsius
1291 4386 1367 4452 fidei

232 4497 265 4558 et
279 4493 458 4576 religionis.
474 4493 635 4562 Volumus
646 4493 749 4576 igitur
765 4500 799 4559 et
814 4494 906 4559 vobis
923 4493 1160 4577 mandavimus,
1176 4500 1213 4560 ut
1229 4490 1368 4579 receptis

230 4599 446 4687 presentibus,
463 4623 534 4670 esse
550 4601 594 4669 ad
610 4608 817 4687 conspectum
833 4601 958 4669 Summi
980 4603 1143 4689 pontilicis
1162 4602 1318 4686 debeatis,
1334 4610 1367 4671 et
