3336 5258
662 425 756 488 1480.
1205 425 1269 487 431

142 604 318 670 declarare.
336 604 476 669 Duravit
501 603 560 669 hec
585 604 756 687 occupatio
783 609 816 668 et
840 604 980 687 privatio
1006 610 1129 688 nostra,
1153 603 1276 670 instau-

142 721 218 779 rata
234 711 370 778 Taurini
381 710 481 778 Anno
492 709 791 778 MOOCLXXXI.
802 711 845 776 ad
855 732 975 776 annum
991 733 1094 795 usque
1110 708 1278 777 Mesoc-

141 819 262 886 VIIII.
279 841 343 885 non
369 819 570 886 cessantibus
596 818 736 884 assiduis
762 817 1026 885 infestationibus
1052 825 1085 885 et
1110 821 1279 904 molestijs,

143 951 206 1012 que
222 929 317 995 nobis
330 930 459 1014 jugiter
478 927 731 1011 inferrebantur,
750 935 782 994 et
799 929 961 1013 cogebant
976 951 1035 995 nos
1051 929 1093 994 ad
1110 931 1278 995 cousulen-

142 1038 220 1104 dum
250 1039 467 1106 incolumitati
499 1059 606 1103 rerum
638 1044 843 1120 nostrarum3
868 1045 902 1104 et
928 1061 967 1103 ex
994 1039 1056 1104 hau
1083 1038 1279 1105 necessitate

142 1147 303 1232 compulsi
319 1147 521 1232 prouinciam
546 1147 745 1212 antedictam
760 1147 942 1213 universam
960 1169 1032 1214 curn
1047 1146 1196 1214 omnibus
1212 1150 1279 1214 suis

139 1255 269 1342 juribus
311 1256 353 1322 ab
384 1277 461 1340 rege
489 1255 646 1322 Ladislao
676 1257 823 1341 legitimo
855 1263 887 1322 et
918 1257 1064 1322 naturali
1093 1278 1277 1324 successore

142 1368 290 1451 priorum
304 1365 435 1450 Regum
451 1366 623 1450 Hungarie
640 1368 747 1450 pretio
764 1367 967 1444 redemimus,
986 1366 1070 1431 siout
1086 1388 1126 1431 ex
1151 1367 1276 1434 inoluso

142 1472 228 1540 foleo
259 1473 430 1555 videbitis;
462 1480 495 1538 et
526 1474 560 1538 id
591 1473 699 1540 facere
732 1475 891 1540 soluimus
923 1495 982 1558 per
1007 1475 1216 1541 concordiam
1244 1480 1277 1541 et

141 1582 268 1668 ingenti
299 1581 472 1648 exbursata
502 1583 650 1666 pecunia,
676 1583 763 1667 quod
794 1605 859 1648 non
896 1583 1001 1648 solum
1027 1585 1100 1668 jure
1131 1589 1276 1669 repetere

142 1699 342 1777 poteramus,
360 1693 417 1760 sed
430 1693 519 1778 justo
537 1693 636 1760 etiam
651 1692 747 1775 bello,
761 1693 923 1778 justisque
940 1690 1278 1779 armisl'revindicare.

145 1799 305 1868 Conferat
320 1803 415 1868 modo
434 1804 508 1885 quis
525 1803 656 1868 modum
682 1804 785 1886 prime
811 1803 1038 1888 acquisitionis
1064 1809 1182 1884 nostre,
1197 1809 1279 1868 tem·

144 1932 205 1994 pus
222 1917 333 1977 nostre
351 1911 564 1995 possessionis
575 1913 829 1996 quingentorum
846 1911 975 1976 circiter
986 1913 1156 1995 etreliqua
1170 1912 1279 1977 omnia

144 2041 216 2084 oum
233 2021 329 2086 modo
346 2021 568 2104 occupationis
592 2019 678 2086 lactc
704 2043 763 2104 per
778 2019 904 2104 Regem
920 2019 1123 2085 Ludovicum
1148 2026 1179 2085 et
1204 2041 1277 2086 cum

145 2129 251 2212 spatio
268 2149 427 2193 annorum
443 2129 495 2192 vix
512 2129 759 2213 quinquaginta,
775 2128 893 2212 quibus
909 2129 1081 2194 Dalmatia
1098 2128 1276 2212 aRegibus

144 2233 318 2322 Hungarie
334 2259 484 2322 possessa
494 2242 552 2320 est,
564 2238 623 2304 sub
633 2236 743 2321 aliquo
753 2236 849 2302 titulo
859 2244 986 2303 nostre:
1003 2237 1127 2302 scilicet
1137 2237 1276 2302 violente

147 2346 311 2428 cessionis,
327 2353 360 2411 et
376 2344 557 2412 consideret
573 2347 672 2412 etiam
689 2347 885 2430 emptionem
902 2351 1047 2411 nostrum
1064 2345 1105 2412 ab
1121 2345 1277 2411 Ladislao

146 2461 180 2520 et
204 2463 396 2540 perpetuam
422 2455 574 2522 adhunc
599 2478 702 2540 usque
728 2455 813 2520 diem
838 2455 1075 2539 possessionem
1108 2461 1141 2520 et
1164 2461 1279 2540 postea

143 2563 285 2649 judicet:
303 2565 347 2632 ad
373 2573 482 2632 utrum
498 2573 648 2632 nostrum
666 2563 837 2632 Dalmatia
862 2566 1035 2648 pertineat.
1071 2562 1139 2632 Sub
1165 2563 1277 2648 aliquo

145 2673 243 2739 titulo
260 2673 408 2757 diximus,
425 2676 587 2760 quomodo
604 2681 680 2740 ante
705 2682 852 2742 nostram
878 2697 942 2740 non
969 2677 1125 2760 negamus
1149 2673 1278 2757 aliquos

145 2804 185 2847 ex
199 2781 346 2867 Regibus
362 2785 535 2870 Hungarie
550 2806 610 2869 per
633 2785 832 2851 occasionem
859 2783 1051 2851 defectionis
1067 2782 1278 2850 Jadrensium

146 2893 272 2976 aliquid
287 2894 431 2960 tenuisse
447 2894 481 2957 in
497 2893 586 2960 diota
601 2897 773 2978 provintia,
790 2917 855 2961 non
874 2900 985 2959 tamen
1011 2899 1171 2978 perpetua
1187 2913 1279 2958 occu-

145 3002 288 3086 patione,
305 3003 361 3069 sed
378 3005 572 3089 interrupta,
589 3006 743 3088 inquieta,
768 3004 959 3071 turbulenta
983 3025 1044 3087 per
1071 3003 1153 3068 alios
1177 3023 1278 3067 annos

146 3109 261 3176 XXX
277 3113 311 3177 in
336 3117 450 3179 totum.
476 3115 523 3180 Et
548 3115 637 3197 quod
659 3114 701 3180 ad
726 3115 925 3200 particulam
950 3111 1057 3198 Vegle
1085 3114 1213 3192 attinet,
1239 3131 1278 3176 ea

147 3221 265 3303 omnia,
283 3243 345 3304 que
369 3242 428 3306 per
443 3221 567 3305 Regios
586 3219 798 3289 Consiliarios
815 3223 1010 3308 allegantur,
1031 3244 1096 3288 non
1120 3223 1281 3306 potuisse,

147 3328 270 3394 scilicet
286 3330 430 3411 aliquem
440 3327 601 3396 Comitem
610 3328 716 3416 Vegle
732 3333 765 3397 in
782 3333 998 3417 prejudicium
1011 3331 1135 3416 jurium
1151 3327 1278 3395 Corone

146 3435 318 3522 Hungarie
336 3461 406 3506 sese
422 3440 580 3526 subjicere
597 3449 709 3508 nostro
725 3441 891 3509 Dominio:
917 3443 956 3506 in·
967 3442 1169 3508 contrarium
1186 3460 1279 3505 suum

146 3545 367 3633 reflectuntur,
384 3550 546 3632 quomodo
563 3571 628 3615 non
645 3557 779 3633 potuere
805 3552 870 3633 ipsi
885 3550 984 3635 ijdem
1000 3546 1146 3614 Oomites
1171 3547 1280 3632 preju-

147 3654 258 3721 dicare
283 3663 394 3722 nostro
420 3658 574 3723 Dominio
606 3679 644 3722 ex
670 3659 782 3742 aliquo
813 3660 906 3743 signo
939 3657 1159 3742 subjectionis,
1190 3655 1279 3740 quod

148 3763 286 3830 fecerint
310 3785 390 3849 erga
415 3764 554 3849 Regiam
570 3766 802 3850 Majestatem;
833 3772 866 3831 et
889 3772 925 3831 ut
956 3766 1157 3850 intelligatis,
1189 3766 1280 3848 cujus

149 3873 277 3954 generis
294 3879 327 3938 et
343 3874 515 3954 qualitatis
541 3873 663 3940 luerint
686 3897 798 3959 preces
825 3881 858 3940 et
882 3876 1132 3942 intercessiones
1148 3875 1278 3959 Regum

148 3985 181 4045 et
196 3981 398 4066 Reginarum
415 3982 588 4068 Hungarie
604 3985 692 4068 apud
707 3985 815 4050 Duces
832 3983 1044 4052 Venetiarum
1068 4007 1128 4068 pro
1145 3982 1279 4049 Comiti-

148 4090 208 4156 bus
219 4091 336 4175 Vegle,
350 4093 508 4159 mittimus
524 4093 615 4160 vobis
634 4093 791 4160 inclusum
811 4096 993 4180 exemplum
1008 4095 1188 4177 literarum,
1198 4117 1279 4179 quas

148 4200 381 4285 respondentes
398 4204 455 4267 uni
471 4199 790 4294 Regine1Hungarie
817 4205 1015 4290 scripsimus,
1041 4211 1074 4271 et
1089 4205 1280 4288 intelligetis

149 4328 187 4372 ex
203 4328 241 4374 eo
257 4308 570 4378 indubitatissimam
588 4314 817 4380 auctoritatem
842 4320 875 4380 et
897 4312 950 4397 jus
973 4318 1129 4393 nostrum,
1148 4315 1200 4378 oui
1215 4315 1282 4379 Rc-

148 4417 226 4502 gina
242 4440 306 4484 non
332 4417 437 4485 solum
461 4442 526 4486 non
552 4427 601 4487 est
625 4422 802 4507 refragata,
818 4423 877 4489 sed
901 4429 1029 4505 tempus
1055 4423 1227 4489 dumtaxat
1250 4430 1283 4488 et

148 4527 321 4594 terminum
337 4529 516 4613 postulavit
531 4552 589 4614 pro
605 4533 676 4614 ipso
694 4530 831 4616 Gemite,
847 4538 973 4614 vocato,
990 4541 1024 4600 et
1047 4534 1207 4618 requisito
1222 4555 1282 4619 per

148 4656 208 4715 uos
223 4635 267 4701 ad
285 4639 478 4706 veniendum
504 4639 567 4705 huo
592 4642 854 4727 recognoscenda
880 4644 1090 4729 subjectionis
1117 4652 1150 4711 et
1174 4668 1282 4715 vassa·
