3340 5260
365 291 431 352 184
719 304 955 350 urenounoanu
970 289 1139 350 nundxux.

361 467 501 534 libenter
526 464 664 550 polliciti
697 463 833 545 fuimus;
868 463 1052 549 siquando
1086 465 1309 531 sanctissimus
1342 463 1499 530 Pontifex

363 583 396 640 et
423 573 547 640 Vestra
572 573 732 658 Majestas
758 595 830 640 oum
857 570 973 638 effectu
998 573 1150 637 decerent
1176 594 1249 639 curn
1275 575 1412 640 aliorum
1438 595 1500 658 ope¹

363 688 504 766 agnatos
519 680 679 747 redimere
696 703 734 746 ac
751 681 792 747 ab
808 681 1012 746 inimicorum
1038 679 1187 748 manibus
1203 681 1361 762 liberare3
1388 688 1424 748 ut
1439 706 1499 748 nos

368 793 435 857 veri
465 797 499 856 et
524 790 755 873 omnipotentis
782 812 820 856 ac
846 791 915 855 eius
941 789 1099 874 unigeniti
1126 789 1183 854 lilii
1211 789 1294 856 Jeeu
1319 811 1439 874 servos,
1460 813 1500 856 ac

365 920 424 984 pro
441 899 509 964 eius
526 897 589 964 fide
607 900 716 964 omnia
733 905 930 983 exponentes
952 900 1090 983 quisque
1107 907 1292 982 cognoscat.

1050 1005 1175 1074 Galeaz
1192 1009 1301 1075 Maria
1319 1006 1453 1075 Stortia

475 1099 602 1158 (Miranti
616 1099 775 1160 allamltdr.)

900 1353 972 1414 130.

321 1513 324 1520 ’
370 1517 464 1580 1470.
492 1512 691 1578 Avolenczei
715 1513 935 1577 dllumtanu'ce
951 1536 972 1576 a
990 1514 1082 1577 toret
1107 1514 1191 1578 attat
1216 1513 1364 1600 elfoplult
1381 1516 1503 1600 Negra-

368 1632 464 1707 pontc
479 1626 631 1686 ostromdt
648 1623 680 1684 a'e
697 1620 800 1685 eleatdt
816 1621 959 1686 rdezletee
974 1620 1139 1686 leirdeboa
1148 1621 1342 1706 jeleatetvtn
1359 1647 1379 1686 a
1398 1626 1503 1707 pupe-

626 1728 705 1808 nok,
723 1728 796 1793 ettb'l
812 1754 833 1793 a
848 1730 941 1794 tb'rdlc
958 1729 1038 1793 olleo
1055 1730 1173 1817 eepdlyt
1189 1732 1256 1793 lec'r.

369 1885 718 1958 MOOOOLXVIIII.
735 1886 788 1953 die
804 1887 965 1957 XVIIII.
983 1886 1138 1973 Augusti.

477 1997 673 2066 Oratoribus
689 1998 808 2063 nostris
824 1999 858 2062 in
876 1996 985 2064 Curia.

369 2105 540 2190 Sapientes
558 2104 670 2190 Oosilij
791 2104 827 2171 Si
844 2105 957 2172 crebro
967 2108 1075 2172 advos
1090 2106 1268 2188 scribimus,
1280 2108 1307 2172 si
1318 2107 1399 2172 illud
1417 2108 1502 2173 idem

447 2237 461 2271 s
554 2219 578 2279 t.
593 2213 613 2277 f.
745 2213 924 2280 rescribere
941 2221 975 2279 et
991 2216 1098 2298 sepius
1113 2214 1274 2298 replicare
1298 2215 1452 2296 videmur,
1469 2216 1503 2278 in

368 2329 533 2387 causaest
549 2322 739 2406 magnitudo
760 2323 890 2406 jactura
915 2321 1002 2387 lacte
1028 2323 1061 2386 iu
1088 2323 1175 2387 omni
1201 2343 1237 2385 rc
1264 2322 1441 2388 christiana
1465 2343 1504 2386 ex

368 2430 534 2494 miserima
551 2438 583 2494 et
598 2429 801 2495 lacrimanda
816 2431 988 2495 amissione
1005 2429 1229 2512 Nigropontis,
1255 2435 1290 2492 ut
1308 2451 1348 2493 ne
1365 2429 1505 2512 amplius

368 2539 400 2602 iri
427 2538 562 2621 ancipiti
588 2538 761 2622 quisquam
786 2559 855 2602 esse
873 2538 984 2620 possit,
1009 2543 1213 2620 anoccupata
1230 2537 1271 2602 ab
1289 2537 1380 2602 hoste
1398 2539 1444 2602 sic
1463 2538 1507 2602 sit

369 2646 447 2710 urbs
472 2653 503 2710 et
529 2646 645 2728 insula,
662 2645 720 2710 illa
738 2665 796 2710 nec
812 2667 859 2713 ue.
881 2644 1005 2710 Scitote
1022 2645 1185 2728 recepisse
1211 2645 1324 2710 literas
1352 2666 1505 2729 supraco-

370 2751 525 2818 mitorum
541 2762 730 2820 nostrorum
746 2755 779 2818 in
796 2775 894 2819 unam
910 2753 977 2818 lere
993 2732 1186 2819 sententiam
1212 2753 1433 2834 scribentium,
1451 2755 1507 2838 qui

259 2859 263 2867 '
369 2863 477 2926 menia
503 2862 573 2945 ipsa
596 2861 693 2942 urbis,
720 2869 829 2929 castra
845 2869 877 2927 et
904 2862 1078 2927 exercitum
1104 2861 1246 2926 hostium
1271 2867 1304 2926 et
1328 2863 1508 2927 attrocissi-

370 2989 455 3033 mam
481 2967 573 3034 illam
598 2970 872 3053 expugnationem
897 2970 1077 3052 inspexere,
1101 2971 1256 3034 certIorss
1282 2968 1361 3033 sacti
1393 2990 1506 3035 snmus

371 3075 537 3142 rlurchum
553 3085 628 3161 post
643 3079 859 3144 arctissimam
884 3077 975 3143 urbis
993 3078 1083 3142 illius
1110 3076 1309 3144 obsidionem
1334 3099 1504 3144 murorum

371 3186 513 3250 omnium
537 3185 571 3249 in
594 3186 741 3266 circuitu,
770 3193 803 3251 et
836 3186 987 3266 turrium,
1013 3207 1052 3250 ac
1076 3187 1293 3252 revelinorum
1325 3185 1509 3251 solidorum

370 3293 557 3358 latitudinis
589 3300 622 3359 et
654 3296 817 3377 grossitici
862 3294 1045 3360 cubitorum
1087 3295 1348 3377 vigintiquinque
1380 3295 1511 3359 circiter

370 3400 593 3484 dejeotIonem,
610 3407 644 3466 et
660 3402 800 3467 assiduis
816 3406 1051 3468 tormentorum
1076 3400 1194 3467 ictibus
1220 3402 1263 3466 ad
1280 3401 1385 3466 solum
1401 3423 1508 3483 usque

372 3507 622 3591 demolitionem,
638 3509 726 3594 quod
742 3519 780 3575 ut
800 3511 889 3575 dictu
915 3509 1061 3590 horibile,
1086 3512 1135 3574 ita
1160 3510 1244 3575 citra
1269 3530 1395 3574 omnem
1411 3509 1511 3574 tidem

371 3623 519 3700 apparet,
534 3623 609 3700 post
625 3619 728 3683 multa
745 3617 878 3684 assidua
894 3624 927 3683 et
943 3619 1069 3684 atrocia
1085 3616 1288 3701 p1·elia,dum
1305 3613 1511 3700 Capitonem-

370 3731 481 3788 noster
497 3745 569 3789 eum
584 3726 700 3811 majori
722 3733 816 3810 parte
843 3726 957 3792 classis
982 3725 1054 3790 urbi
1080 3727 1352 3809 apropinquasset
1378 3745 1507 3790 succur-

370 3853 441 3896 sum
457 3830 506 3897 illi
522 3839 737 3916 prestaturuS,
752 3836 991 3919 presagientem
1005 3832 1133 3899 hostem
1150 3855 1198 3916 ea,
1215 3854 1278 3917 que
1303 3838 1396 3897 erant
1412 3853 1507 3899 eveu-

369 3947 454 4020 tura,
479 3942 506 4004 si
532 3940 731 4025 Capitaneus
757 3964 830 4008 cum
856 3943 959 4009 classe
986 3942 1134 4025 disrupto
1163 3947 1195 4006 et
1227 3941 1361 4025 disjecto
1394 3949 1504 4025 ponte,

370 4069 466 4132 quem
481 4048 515 4113 in
530 4055 625 4132 parte
641 4051 800 4134 superiori
816 4049 939 4116 canalis
958 4051 1063 4114 hostis
1079 4051 1148 4133 ipse
1174 4055 1410 4129 construxerat,
1435 4050 1511 4115 urbi

370 4156 560 4238 adhesisset,
586 4161 781 4240 prevertisse
806 4166 992 4224 nostrorum
1017 4156 1161 4238 consilia,
1192 4164 1225 4222 et
1249 4157 1396 4242 prelium,
1422 4159 1511 4241 quod

370 4265 522 4347 generale
539 4271 572 4330 et
589 4265 733 4330 omnium
749 4268 989 4332 atrocissimum
1004 4263 1141 4331 daturus
1158 4265 1327 4331 dicebatur
1351 4265 1403 4329 die
1421 4265 1510 4332 XII.
1530 4320 1532 4323 .

370 4371 539 4458 Julij,p1·0
557 4396 620 4456 quo
637 4372 689 4440 die
715 4376 817 4440 nostri
843 4375 885 4440 ad
902 4395 1088 4440 succursum
1105 4395 1139 4439 se
1157 4373 1375 4458 disponebant
1391 4379 1423 4438 et
1440 4395 1510 4439 suc·

372 4480 556 4569 cingebant,
572 4482 734 4570 incepisse
754 4482 806 4547 die
823 4481 889 4550 XI.
908 4489 983 4548 ante
1009 4482 1123 4566 lucem,
1149 4481 1227 4568 quid
1252 4481 1511 4568 pertinacissime
