3336 5258
546 401 549 408 ¹
630 365 726 436 lert.
1177 371 1241 436 365

107 547 228 618 habere
252 559 408 636 aparatos
433 552 508 620 illos
533 574 653 635 omnes,
679 558 712 619 et
736 552 800 637 ipsi
823 553 955 637 negotio
980 553 1147 620 interesse.
1168 550 1241 636 Quo

107 657 189 724 nibil
206 659 435 728 delectabilius
459 661 529 726 visu
554 661 726 746 cognituve
751 661 830 725 mihi
855 668 965 745 posset
989 661 1106 727 efferri.
1123 661 1242 728 Paucis

105 769 368 852 respondendum
400 791 526 851 censeo,
556 776 627 835 tum
652 769 730 854 quia
755 790 814 852 per
838 767 990 853 (ligeram
1017 768 1242 835 Tabellarium

105 875 150 941 ad
166 876 378 963 Majestatem
393 879 535 963 Regiam
552 878 862 945 etDominationem
873 878 914 946 V.
924 878 1242 946 Reverendissimam

105 985 188 1050 satis
214 985 406 1071 abundeque
431 988 668 1055 nudiustertius
692 986 815 1070 scripsi,
830 993 900 1052 tum
925 987 1079 1070 quoniam
1105 986 1170 1053 Dei
1185 985 1242 1051 bo·

105 1093 212 1160 nitate
229 1102 264 1159 et
278 1095 452 1164 clementia
468 1120 521 1164 res
538 1119 576 1164 eo
592 1097 690 1162 ducta
714 1099 772 1179 est,
787 1101 824 1160 ut
839 1093 956 1178 procul
981 1092 1080 1160 dubio
1096 1093 1242 1178 perfecta

105 1200 172 1267 dici
197 1203 310 1286 possit,
336 1203 431 1270 modo
458 1206 655 1290 nobisipsis
687 1203 801 1288 deesse
829 1203 991 1269 nollimus.
1019 1203 1096 1270 Duc
1129 1209 1241 1269 tamen

104 1310 287 1393 repetenda
303 1312 468 1396 constitui,
478 1314 752 1398 quemadmodum
767 1311 993 1399 superioribus
1009 1312 1133 1396 scripsi.
1148 1309 1240 1377 Alte-

105 1441 190 1500 rum,
205 1424 243 1484 ιιι
259 1417 365 1503 Regia
381 1419 526 1486 Maestae
552 1424 757 1505 magnanime
782 1429 816 1488 et
841 1426 1030 1488 constanter
1054 1428 1149 1507 cepta
1167 1442 1241 1506 pro-

105 1534 266 1612 sequatur
296 1535 328 1592 et
354 1530 554 1597 validissime
586 1531 758 1599 adoriatur
789 1531 926 1598 hostem.
951 1529 1114 1609 Alterum,
1139 1537 1176 1596 ut
1200 1529 1241 1596 de

104 1635 312 1701 successibus
329 1637 399 1722 ejus
415 1637 610 1705 felicissimis
627 1647 660 1706 et
675 1637 810 1722 reliquis
830 1637 989 1723 omnibus,
1007 1657 1070 1720 que
1095 1636 1241 1721 quotidie

104 1745 285 1826 evenerint,
301 1743 407 1812 factus
422 1747 483 1812 sim
500 1748 621 1813 certior
638 1755 675 1812 ut
691 1747 800 1831 sepius
816 1747 894 1832 dixi,
908 1747 1063 1832 quoniam
1082 1745 1165 1811 nihil
1181 1753 1240 1828 est,

104 1854 196 1937 quod
213 1853 405 1922 comunibus
421 1855 518 1922 rebus
545 1857 650 1940 magis
678 1854 827 1923 conferre
851 1855 962 1941 possit.
987 1853 1040 1922 Ob
1056 1876 1154 1939 quarn
1170 1875 1240 1919 rem

104 1983 190 2046 rogo
204 1964 442 2048 paternitatem
451 1963 608 2035 Vestram
619 1965 949 2048 Reverendissimam,
959 1962 1046 2049 quod
1062 1963 1241 2030 creberimo

104 2077 242 2137 moneat
256 2095 306 2139 me
323 2073 363 2140 de
380 2075 527 2142 omnibus
542 2081 576 2142 et
591 2075 618 2140 si
634 2074 791 2160 possibile
807 2076 858 2159 sit,
868 2074 1059 2140 mandatum
1075 2079 1166 2139 curet
1181 2093 1241 2158 per

104 2179 225 2246 literas
242 2181 353 2266 regias
369 2184 529 2268 provisori
553 2183 652 2250 castri
676 2183 848 2264 Budensis,
874 2189 912 2249 ut
938 2204 1011 2248 curn
1027 2201 1109 2268 opus
1133 2179 1242 2264 fuerit,

105 2289 135 2353 si
152 2310 220 2354 non
236 2289 343 2372 aliter,
359 2291 540 2376 sumptibus
563 2295 644 2361 meis
668 2293 785 2359 saltem
801 2289 972 2376 provideat
988 2290 1028 2357 de
1043 2290 1167 2370 nuntie,
1184 2289 1242 2372 qui

105 2396 237 2464 deferre
253 2402 358 2483 possit
373 2399 488 2466 literas
512 2421 610 2483 meas,
636 2423 710 2467 cum
734 2401 795 2482 his,
811 2421 874 2485 que
900 2421 939 2465 ex
956 2397 1058 2465 Italia
1083 2403 1116 2462 et
1133 2420 1153 2464 a
1168 2419 1241 2464 meo

106 2507 339 2574 illustrissimo
355 2507 511 2574 Dominio
536 2507 691 2591 habuero,
717 2507 759 2574 ad
787 2505 924 2574 Sacram
949 2505 1069 2592 Regim
1085 2505 1243 2592 Majesta·

7 2633 8 2636 ’
105 2624 187 2682 tem.
203 2616 282 2684 Alio
297 2618 385 2684 enim
401 2619 462 2701 die,
480 2639 552 2685 cum
569 2639 642 2685 eum
665 2625 698 2684 et
719 2618 865 2703 judicem
890 2617 1032 2684 civitatis
1057 2616 1242 2700 requisivis-

106 2745 188 2806 sem,
212 2733 245 2792 et
270 2727 411 2794 maxime
435 2748 611 2812 rogassem,
637 2727 696 2792 visi
722 2732 797 2792 sunt
822 2724 1013 2809 neglexisse,
1041 2745 1106 2808 qua
1136 2744 1175 2788 cx
1205 2747 1241 2792 re

106 2837 331 2902 necessarium
347 2836 418 2919 fuit,
433 2845 470 2904 ut
484 2839 650 2905 mitterem
665 2835 847 2922 predictum
863 2832 1026 2917 (ligeram,
1042 2855 1138 2920 quem
1160 2853 1242 2918 rogo

107 2943 380 3012 Dominationem
394 2945 549 3016 Vestram
565 2947 609 3013 ad
625 2968 675 3012 me
692 2943 926 3011 remittendum
943 2943 1057 3008 statim
1073 2948 1174 3008 curet.

219 3053 415 3141 Respondeo
426 3054 629 3123 Scutariensi
646 3053 809 3138 Prelecto,
824 3061 858 3122 et
874 3056 971 3120 mitto
988 3049 1241 3137 descriptionem

107 3169 332 3248 apparatuum
348 3165 511 3248 regiorum
527 3172 594 3231 tam
613 3185 672 3249 per·
688 3169 821 3245 terram,
837 3184 935 3248 quam
951 3181 1081 3246 aquam,
1096 3165 1131 3227 et
1145 3179 1243 3244 prop·

107 3279 203 3339 terea
227 3273 357 3356 placeat
382 3272 605 3340 Dominationi
621 3271 743 3340 Vestre
769 3273 848 3338 dare
873 3291 1016 3356 operam,
1041 3275 1079 3335 ut
1102 3266 1242 3335 fideliter

107 3380 205 3446 litere
234 3381 412 3448 reddantur
436 3403 494 3466 per
518 3381 660 3466 aliquem
685 3381 844 3466 nuntium,
868 3401 945 3447 casu
962 3400 1025 3463 quo
1042 3375 1243 3443 discessisset

107 3489 176 3570 ille,
192 3490 249 3572 qui
265 3511 322 3555 eas
337 3489 466 3557 detulit.
483 3489 571 3557 Nam
596 3490 669 3573 erit,
694 3489 780 3574 quod
805 3489 920 3572 scripsi
943 3507 1017 3554 cum
1040 3505 1159 3570 magno
1183 3485 1242 3550 tri·

107 3596 233 3682 umpho
250 3603 282 3662 et
298 3597 414 3665 decore
440 3598 628 3684 Majestatis
652 3595 751 3683 regie,
766 3595 857 3682 cujus
883 3593 987 3681 gratie
1012 3593 1168 3678 dignetur
1191 3613 1242 3656 me

109 3705 340 3773 commendare
354 3705 396 3775 V.
412 3703 908 3786 ReverendissimaPaternitas,
923 3725 985 3789 que
1001 3703 1156 3769 continue
1170 3701 1242 3767 feli-

108 3815 237 3881 cissimo
255 3815 368 3883 ualeat.
385 3817 437 3881 Elx
453 3815 549 3882 Buda
565 3813 681 3880 XXII
703 3807 1241 3882 Novembr.Mcochxxv11.

560 3921 775 3989 Sebastianus
790 3918 978 3987 Baduarius
994 3914 1118 3983 Orator
1134 3923 1195 3983 etc.

220 4087 378 4150 (Velenczei
396 4086 597 4151 allamkdnyv.)
