3334 5276
634 363 729 426 1467.
1204 367 1246 430 53
1377 415 1389 422 .

117 535 184 598 cioe
210 536 270 601 che
296 538 383 602 dicto
408 535 458 602 Re
484 561 549 603 non
574 541 622 604 sia
646 540 795 606 adiutato
822 541 861 606 de
887 542 1003 625 dinari,
1028 543 1052 608 li
1068 565 1141 609 sera
1157 541 1248 609 sorae

114 643 222 725 piglar
238 645 271 710 lo
287 649 419 729 partito,
435 653 595 728 potersno
612 649 729 715 harere
746 656 805 714 etc.
858 699 1134 716 ......
1180 691 1193 705 -
1240 718 1246 733 ,

116 749 258 818 Venetia
274 753 325 818 die
342 753 384 820 V.
401 752 526 838 Aprilis
548 760 640 821 1467.

159 861 198 924 Ε.
217 860 258 926 V.
274 861 326 926 Ill.
343 861 421 927 Ere.
834 867 1041 935 fidelissimus
1057 866 1203 936 Sarritor

841 973 1009 1042 Gerardus
1025 975 1066 1042 de
1082 973 1193 1042 Collis.

225 1077 459 1145 Illustrissimis
501 1079 708 1164 Principibus
739 1104 778 1147 ac
809 1083 1102 1150 Excellentissimis
1132 1081 1175 1150 D.
1205 1082 1248 1150 D.

116 1184 265 1251 Blanche
289 1185 397 1252 Marie
423 1186 560 1254 Ducisse
585 1189 766 1256 Mediolani
793 1199 825 1256 et
852 1191 975 1258 Galeaz
1000 1189 1109 1258 Mario
1125 1189 1247 1258 Slortie

117 1291 328 1358 Vioecomitti
344 1291 430 1360 Duci
447 1295 628 1363 Mediolani
646 1305 704 1362 etc.

225 1457 351 1516 (Miranti
371 1459 506 1522 levdltelr.)

659 1819 709 1880 32.

118 2001 214 2063 1467.
241 1997 271 2060 Α
297 2000 447 2063 velenczei
477 1999 697 2064 dllomtandca
722 2025 744 2064 a
769 2004 899 2065 cudrado·
920 2003 953 2066 dc
977 1999 1250 2087 mapparorazdpi

6 2185 7 2190 γ
115 2108 244 2172 kduetek
261 2107 332 2176 eldtt
346 2107 479 2172 ezokdsa
496 2109 613 2172 aanor
629 2131 650 2172 o
666 2108 758 2173 cerole
774 2108 871 2172 eueni
893 2109 949 2173 cols
966 2108 1121 2192 lr'o’ltodpbe
1137 2107 1250 2172 lterttld

115 2214 382 2279 keezuttdtsetvet
397 2215 609 2297 mentepetvdn
625 2221 745 2302 mapdt,
755 2215 995 2302 cqyszeramiud
1011 2237 1050 2280 oz
1066 2215 1154 2280 olous
1170 2213 1251 2278 cillo·

6 2329 8 2362 ³
115 2323 232 2388 moletdl
257 2323 444 2410 irdnyo'bon
459 2323 548 2410 otpolt
571 2325 845 2410 pyoaoec‘tdaolrat
861 2324 891 2388 ia
909 2323 1050 2410 nratho'l
1068 2321 1250 2388 elddrttonc‘

593 2433 769 2519 ipyekezilc.

6 2537 7 2540 Ὺ
117 2589 428 2662 uooocexvu.
445 2593 498 2658 sie
515 2593 619 2660 xxi.
637 2593 774 2678 Aprilis.

6 2715 7 2746 ³
118 2701 293 2783 Sapientes
309 2698 445 2786 Consilij
464 2707 496 2766 et
597 2700 692 2786 Quod
703 2701 878 2787 Magnifico
888 2699 1137 2770 MilitiDomino
1148 2703 1251 2772 Udal-

8 2885 9 2890 ἵ
118 2806 293 2890 Sapientes
310 2815 332 2872 t.
348 2808 369 2872 s.
550 2812 618 2875 rico
638 2810 679 2875 de
695 2807 875 2876 Gravenois
902 2811 1006 2877 electo
1031 2833 1089 2896 per
1106 2810 1252 2879 Serenia-

7 2951 9 2956 ν
118 2919 236 2981 simum
262 2901 705 3002 Dominum''lmperatorem
732 2916 949 3002 Capitaneum
980 2924 1093 2986 contra
1118 2919 1251 2998 Turcos,

7 3009 9 3014 ¹
119 3020 379 3108 Consiliarioque
396 3026 460 3092 Sue
478 3027 664 3112 Majestatis
683 3049 722 3093 ec
738 3027 930 3094 Reverendo
946 3025 1091 3093 Domino
1107 3025 1252 3112 Georgio

7 3159 20 3177 ἰ
118 3131 292 3216 Proposito
317 3133 468 3219 Quinque
494 3135 714 3202 Ecclesiarum
747 3136 1027 3221 Vicecancellarij,
1052 3135 1252 3202 Oonsiliario

7 3309 8 3312 ,
118 3249 149 3306 et
174 3239 313 3308 Oratori
342 3241 545 3310 Serenissimi
571 3245 673 3329 Regis
698 3245 882 3330 [tunger-ie,
907 3247 963 3330 qui
988 3245 1032 3310 ad
1055 3244 1251 3330 presentiam

7 3349 9 3424 ῗ
118 3355 263 3418 nostram
291 3359 446 3416 venerunt
471 3354 719 3437 retuleruntque
746 3377 794 3436 ea,
820 3379 883 3440 que
914 3377 973 3440 per
1004 3355 1253 3422 Serenissimum

118 3460 307 3543 Principem
323 3467 470 3526 nostrum
487 3461 563 3526 huic
580 3459 725 3529 Consilio
742 3464 907 3547 explicata
934 3469 1027 3530 sunt:
1054 3463 1252 3547 respondea-

7 3603 8 3626 t
118 3575 179 3648 tur,
197 3567 288 3649 quod
304 3567 442 3634 vidimus
459 3590 514 3634 eos
531 3570 730 3653 perlibenter
746 3577 779 3638 et
794 3578 889 3655 grato
900 3573 1008 3638 animo
1024 3569 1253 3652 intelleximus,

7 3705 8 3710 ¹
118 3683 278 3760 quantum
310 3675 403 3742 nobis
441 3675 696 3760 prudentissime
735 3679 924 3762 retulerunt,
955 3698 1090 3762 magnas
1129 3679 1253 3762 gratias

118 3785 306 3850 reserrimus
323 3784 423 3852 Sacra
439 3785 655 3868 Imperatoria
672 3786 853 3871 Majestati‚
880 3809 919 3853 ac
943 3787 1048 3872 Regia
1073 3785 1254 3854 Serenitati

117 3894 292 3978 Hungarie
308 3915 368 3979 pro
385 3895 643 3960 comunicatione
664 3894 859 3978 hujusmodi,
875 3916 980 3980 neque
997 3896 1156 3980 optimum
1180 3917 1252 3981 pro·

8 4049 10 4094 ;
118 4005 272 4086 positum,
282 4003 465 4088 ardensque
482 4003 681 4070 desiderium
698 4025 792 4069 suum
807 4006 841 4069 in
856 4005 1014 4071 honorem
1031 4006 1149 4071 summi
1165 4025 1254 4070 crea.

118 4114 199 4178 toris
215 4115 329 4192 nostri,
345 4119 520 4198 sancteque
536 4111 613 4179 ffdei
639 4118 749 4178 nostre
775 4112 929 4179 adversus
956 4111 1116 4198 pertidum
1140 4111 1255 4180 crucis

117 4224 255 4304 hostem,
272 4225 370 4306 inque
386 4223 542 4308 parandis
558 4225 647 4288 novis
664 4223 786 4290 viribus
803 4229 837 4290 et
853 4225 997 4290 exercitu
1014 4222 1122 4291 valido
1142 4229 1255 4308 poten·

8 4367 9 4370 ¹
118 4342 250 4402 tatuum
269 4331 451 4415 Alemanie‚
470 4335 551 4399 satis
567 4333 724 4400 extollere
739 4355 835 4419 posse
852 4333 1084 4417 cognoscimus,
1100 4334 1147 4400 sio
1170 4331 1255 4398 enim

118 4467 211 4510 veros
228 4451 262 4509 et
277 4443 454 4510 catholicos
478 4444 642 4528 principes
666 4444 768 4526 decet,
795 4466 933 4528 quorum
949 4447 1064 4509 sancta
1078 4441 1139 4508 hec
1154 4463 1256 4527 opera

60 4567 78 4605 e
118 4562 233 4620 eterna
248 4556 406 4620 memoria
422 4554 522 4642 digna
548 4555 698 4620 extimari
722 4559 885 4640 poterunt.
910 4551 1101 4620 Laudamus
1126 4571 1255 4638 quoquc
