3340 5260
396 339 460 410 256
747 346 980 405 nrrnounczrsr
997 333 1165 404 suchans.

391 523 555 604 Dominio,
581 527 637 588 aut
661 520 773 604 aliqua
798 517 902 604 preda
921 523 1104 602 pararetur,
1124 523 1299 584 teneantur
1318 521 1432 602 partes
1456 517 1525 602 ipse

390 633 498 698 omnia
522 630 687 714 acquisita
712 633 744 693 et
760 633 858 710 parta
884 627 975 710 equis
1000 627 1087 692 iuter
1103 647 1136 692 se
1161 625 1368 710 portionibus
1384 623 1527 690 dividere

390 740 566 826 secuudum
583 739 802 822 quantitatem
820 757 1041 820 expensarum.
1161 778 1168 788 -

495 850 580 915 Item
590 849 809 932 promiserunt
821 851 853 909 et
868 845 1067 928 promittunt
1075 847 1187 928 partes
1197 843 1351 929 predicte,
1361 851 1399 910 ut
1414 867 1527 928 supra,

388 958 476 1042 quod
501 963 618 1023 nentra
641 957 788 1040 ipsarum
813 953 956 1036 partium
982 952 1133 1018 decctcro
1163 959 1237 1036 post
1270 951 1524 1021 celebrationem

387 1067 483 1151 hujus
499 1071 687 1131 contractus
704 1062 876 1128 contrahet
886 1062 1031 1146 aliquam
1048 1061 1147 1126 aliam
1163 1061 1275 1143 ligem,
1290 1062 1527 1129 confederatio·

369 1199 459 1274 ,nem
476 1181 510 1241 et
524 1173 773 1254 intelligentiam
799 1194 871 1236 curn
896 1171 1007 1255 aliquo
1036 1170 1102 1236 alio
1119 1169 1220 1252 Rege,
1245 1169 1401 1256 Principe
1413 1171 1530 1236 Domi·

386 1289 450 1359 nio,
470 1285 652 1351 Potentatu
667 1279 918 1346 etOomunitatc
929 1279 998 1344 sinc
1010 1279 1105 1362 hujus
1124 1278 1284 1360 presentis
1301 1277 1382 1362 Lige
1400 1300 1529 1363 expres.

386 1416 423 1460 sa
453 1393 680 1475 reservatione,
714 1395 748 1454 et
773 1388 862 1471 quod
894 1389 927 1452 in
952 1386 1101 1471 omnibus
1118 1385 1365 1470 quibuscunque
1380 1387 1479 1470 Ligis
1496 1393 1528 1451 et

384 1501 603 1568 Societatibus
625 1497 858 1564 contrahendis
883 1497 1040 1580 peripsas
1056 1501 1168 1579 partes
1186 1516 1259 1559 cum
1275 1495 1350 1559 aliis
1367 1493 1522 1579 Regibus,

384 1609 602 1693 Principibus,
627 1608 785 1673 Dominus
814 1615 847 1669 ct
866 1603 1093 1668 Potentatibus
1119 1602 1334 1668 nominabunt
1366 1625 1400 1670 sc
1437 1604 1524 1687 ipsas

385 1723 497 1784 mutuo
517 1722 550 1782 et
567 1716 704 1782 vicissim
731 1734 790 1798 pro
815 1710 1033 1778 confederatis
1050 1716 1084 1776 et
1100 1709 1271 1794 colligatis.

491 1825 578 1890 Item
589 1828 815 1902 convenerunt,
828 1818 973 1904 predicte
983 1823 1103 1902 partes,
1113 1824 1150 1882 ut
1166 1839 1276 1902 supra,
1286 1819 1520 1903 promiserunt-

384 1954 446 2018 que
462 1955 501 1999 ao
516 1934 721 2016 promittunt,
737 1929 825 2012 quod
848 1929 937 1994 iutra
954 1927 1135 2008 terminum,
1153 1926 1254 1992 trium
1271 1931 1431 1992 mensium
1446 1935 1520 2013 post

385 2043 548 2126 presentis
570 2047 757 2106 contractus
785 2035 1033 2103 celebrationem
1059 2038 1199 2118 utraque
1215 2037 1359 2119 partium
1376 2039 1519 2104 nomina-

384 2151 433 2218 bit
449 2171 524 2216 suos
541 2149 738 2215 adherentes
753 2153 788 2214 et
802 2145 1058 2224 recomendatos,
1076 2144 1131 2228 qui
1147 2143 1309 2227 presentis
1326 2144 1410 2230 Lige
1427 2146 1520 2214 bene

383 2258 454 2326 ficio
471 2257 535 2324 frui
545 2258 671 2343 possint
681 2263 714 2323 et
723 2256 875 2342 gaudere,
886 2276 1024 2339 quorum
1035 2253 1166 2338 quidem
1183 2249 1409 2320 adherentium
1427 2263 1460 2323 et
1471 2279 1521 2324 re·

381 2369 647 2436 comendatorum
672 2367 924 2433 nominationem
949 2365 1038 2430 intra
1063 2363 1185 2429 dictum
1210 2363 1382 2428 torminum
1415 2366 1521 2436 altera

382 2498 459 2561 pars
484 2478 528 2543 ad
548 2477 685 2543 alteram
702 2475 925 2541 transmittere
941 2473 1058 2538 debeat
1084 2478 1116 2538 et
1131 2477 1293 2537 teneatur.

490 2587 576 2653 Item
617 2590 835 2653 convenerunt
869 2581 1013 2668 predicte
1047 2589 1157 2667 partes
1193 2587 1227 2646 et
1260 2580 1519 2672 declaraverunt,

383 2696 470 2778 quod
486 2697 596 2761 omnia
611 2702 644 2761 et
660 2695 788 2778 singula
804 2693 962 2777 Oapitnla
986 2693 1020 2757 in
1035 2693 1179 2778 presenti
1203 2691 1420 2759 instrumento
1446 2717 1518 2763 con·
1644 2695 1646 2730 ³

380 2811 474 2870 teuta
497 2804 722 2888 intelligantur
747 2824 820 2867 cum
845 2801 1065 2867 reservatione
1082 2807 1114 2866 et
1141 2801 1209 2866 sine
1235 2799 1416 2884 prejudicio
1439 2827 1518 2889 qua·

381 2929 610 2998 rumquunque
635 2913 794 2993 Ligarum
819 2916 852 2975 et
876 2910 1167 2994 intelligentiarum
1192 2913 1333 2993 partium
1366 2911 1521 3014 ipsarum,

382 3043 444 3106 que
460 3029 567 3088 essent
586 3019 628 3086 ad
644 3025 788 3086 statuum
804 3021 950 3105 ipsarum
966 3019 1185 3087 defensionem
1210 3029 1243 3088 et
1258 3044 1340 3107 quas
1356 3022 1513 3090 baberent

381 3151 454 3196 cum
471 3130 714 3214 quibuscunque
731 3125 886 3213 Regibus,
902 3127 1119 3212 Principibus,
1145 3129 1296 3196 Dominis
1312 3138 1346 3197 et
1362 3131 1518 3199 Potenta·
1639 3191 1640 3220 ,

379 3237 467 3304 tibus
491 3244 698 3322 preterquam
722 3260 794 3304 oum
820 3237 965 3318 Venetis,
997 3259 1068 3302 cum
1085 3237 1202 3320 quibus
1218 3239 1287 3323 ipse
1304 3245 1417 3323 partes
1434 3261 1518 3308 asse

379 3353 458 3412 runt
473 3346 596 3412 nullam
612 3347 731 3431 Ligam
746 3345 1042 3411 confederationem
1052 3345 1102 3410 vel
1118 3346 1371 3432 intelligentiam
1387 3347 1519 3416 habere.

485 3455 571 3521 Item
594 3461 812 3521 convenerunt
837 3453 921 3519 dicte
938 3459 1058 3538 partes,
1085 3455 1217 3538 quodsi
1242 3477 1336 3522 casus
1353 3456 1511 3524 acciderit

379 3583 474 3646 quern
498 3563 588 3629 Deus
613 3569 748 3643 avertat,
773 3563 859 3647 quod
874 3563 959 3628 inter
975 3583 1009 3628 se
1034 3566 1177 3632 oriretur
1202 3564 1314 3649 aliqua
1330 3564 1510 3632 difficultas

377 3669 428 3738 vel
443 3671 640 3757 ambiguitas
660 3696 719 3758 pro
739 3675 1011 3758 interpretatione
1029 3674 1208 3756 verborum,
1225 3676 1463 3743 sententiarum
1479 3681 1514 3740 et

378 3782 594 3864 capitulorum
615 3789 839 3849 conteotorum
857 3783 1045 3868 inpresenti
1064 3789 1236 3850 contractu
1256 3792 1333 3851 tuno
1345 3791 1428 3851 eteo
1440 3805 1515 3851 casu

378 3888 543 3972 predictus
563 3888 632 3956 Ser.
656 3891 820 3955 D=usRex
830 3890 949 3973 eligere
960 3897 1151 3956 teneaturet
1162 3891 1280 3958 debeat
1290 3893 1372 3959 duos
1384 3914 1425 3959 ex
1433 3891 1516 3962 Con·

377 3995 512 4066 siliariis
529 4000 642 4064 suiset
658 3998 807 4064 similiter
833 3999 999 4082 predictus
1023 3999 1277 4086 Ill-musDnus
1296 3998 1374 4066 Dux
1390 4001 1513 4084 eligere

376 4111 529 4172 teneatur
545 4112 578 4172 et
603 4105 720 4171 debeat
729 4106 810 4171 duos
834 4106 916 4173 alios
932 4127 971 4172 ex
988 4107 1194 4174 consilliariis
1206 4110 1281 4192 suis,
1299 4108 1355 4191 qui
1371 4112 1518 4192 quatuor

376 4213 541 4297 consiliarj
568 4214 645 4280 visis
661 4219 696 4280 et
711 4215 907 4280 examinatis
923 4213 1085 4300 Capitulis
1096 4215 1250 4300 predictis
1267 4221 1300 4282 et
1315 4213 1466 4281 omnibus
1481 4221 1515 4279 et

377 4321 515 4406 singulis
534 4322 568 4388 in
584 4323 726 4404 presenti
745 4329 916 4389 contractu
927 4325 1097 4404 contentis,
1109 4323 1261 4408 judicare
1278 4323 1421 4389 debeant
1437 4344 1507 4406 pro·

377 4437 414 4496 ut
429 4431 509 4515 ipsis
519 4450 659 4514 equuum
675 4437 708 4498 et
722 4431 844 4497 iustum
859 4432 961 4500 visum
976 4431 1084 4516 fuerit,
1094 4455 1233 4516 quorum
1245 4430 1370 4516 judicio
1387 4437 1421 4498 et
1463 4430 1516 4496 dc·

125 4581 130 4588 -
248 4621 250 4626 ¹
376 4537 549 4605 clarationi
567 4543 678 4621 partes
710 4541 952 4625 prodictestare
977 4547 1011 4606 et
1035 4541 1222 4627 aquiescere
1247 4537 1398 4606 debeant.
1426 4535 1511 4604 Oasu
