3340 5260
716 391 951 438 nrrnonscmxr
967 375 1134 436 meses.

890 773 963 834 182.

358 936 454 999 1474.
473 932 502 996 A
517 933 671 996 velenczei
685 932 905 995 dlinndcadcs
930 933 1123 995 hata'rozata
1138 954 1161 993 a
1175 928 1491 1015 mapparfcrintok·

356 1039 360 1048 '
527 1041 595 1104 nuk
616 1039 822 1103 Velencze'ben
838 1060 926 1124 napy
939 1038 1109 1126 fdrpalmn
1124 1035 1317 1122 ta'rppddaa.

361 1199 426 1268 Die
443 1199 565 1267 VIIIL
581 1198 726 1284 Augusti
742 1195 1093 1263 MCCCCLXXIIH.

464 1307 658 1372 Abundarit
682 1307 732 1371 his
757 1305 957 1388 temporibus
982 1311 1076 1370 tanta
1099 1305 1293 1370 florenorum
1311 1304 1492 1386 Hungsro-

357 1439 429 1482 rom
446 1417 623 1499 quantitas,
649 1437 707 1500 per
733 1414 853 1480 malam
879 1414 1143 1480 consuetudinem
1170 1414 1213 1479 ad
1244 1413 1354 1480 officia
1376 1418 1493 1478 nostra

356 1521 587 1604 introductam,
603 1545 664 1608 que
680 1544 745 1587 non
761 1543 877 1607 parum
889 1523 1018 1605 jacture
1034 1521 1133 1586 rebus
1152 1521 1273 1586 nostris
1289 1519 1394 1602 affert,
1411 1520 1493 1603 quia

356 1630 453 1696 adea
477 1630 559 1696 nulli
575 1631 643 1695 sere
659 1629 717 1713 alij
744 1629 853 1695 ducati
873 1631 1058 1713 exiguntur,
1077 1631 1139 1694 nisi
1156 1628 1318 1714 Hungari,
1343 1632 1377 1693 et
1402 1625 1491 1710 quod

356 1741 449 1824 pejus
465 1749 523 1820 est,
549 1739 659 1805 ducati
675 1737 794 1806 Veneti
821 1741 1007 1829 exiguntur,
1023 1739 1092 1806 sine
1117 1738 1269 1824 pondere,
1285 1736 1374 1820 quod
1390 1737 1490 1800 etiam

356 1868 421 1911 nou
437 1870 554 1931 parum
577 1847 687 1912 damni
704 1845 857 1912 Dominio
883 1855 994 1913 nostro
1020 1848 1126 1914 offert.
1152 1845 1373 1932 Quamobrem
1399 1843 1492 1910 vadit

356 1977 444 2038 pars,
471 1955 560 2039 quod
586 1955 685 2019 salvis
710 1953 859 2020 omnibus
886 1956 1036 2038 pertibus
1062 1965 1095 2022 et
1120 1955 1288 2022 ordinibus
1313 1973 1413 2037 super
1428 1952 1491 2017 hoe

356 2060 669 2146 captis,Oame1nrij
687 2060 842 2128 Comunis
866 2071 1032 2147 presentes
1049 2071 1081 2130 et
1097 2063 1209 2144 futuri,
1224 2085 1285 2128 usu
1301 2061 1426 2146 possint
1449 2061 1491 2125 de

356 2175 474 2251 cetero,
497 2168 558 2236 sub
583 2191 688 2253 poena
723 2170 915 2238 ducatorum
951 2172 1165 2238 ducentorum
1196 2173 1229 2236 in
1255 2172 1322 2238 suis
1346 2167 1492 2254 proprijs

355 2275 451 2342 bonis
466 2299 524 2361 per
541 2275 768 2344 Advocatores
795 2278 958 2362 immunis,
978 2280 1047 2346 siue
1064 2281 1132 2346 ullo
1158 2280 1294 2348 consilio
1319 2277 1493 2361 exigendo

354 2407 437 2468 rum,
453 2391 486 2451 et
500 2386 692 2469 privationis
711 2385 809 2470 officij
827 2387 965 2454 florenos
976 2388 1156 2474 Hungsros
1172 2389 1312 2473 exigere,
1327 2387 1391 2452 nisi
1406 2385 1492 2466 illos,

356 2494 411 2578 qui
422 2495 461 2559 de
472 2495 598 2559 ratione
614 2496 756 2562 cruciate
773 2501 857 2576 sunt,
873 2498 950 2580 quia
966 2519 1076 2562 amore
1091 2497 1155 2564 Dei
1172 2497 1243 2564 dati
1258 2502 1343 2575 sunt,
1353 2497 1393 2562 de
1410 2515 1492 2576 qua·

355 2601 447 2666 litate
473 2623 611 2684 quorum
637 2607 811 2666 teneantur
836 2609 946 2668 tenere
977 2611 1164 2690 computum
1195 2604 1427 2688 particularem
1458 2608 1494 2666 et

355 2713 560 2792 seperatum3
576 2714 609 2774 et
625 2707 685 2773 sub
702 2708 815 2774 eadem
836 2731 941 2792 poena
966 2734 1030 2778 uon
1055 2713 1181 2796 possint
1196 2712 1327 2798 exigere
1353 2709 1492 2776 ducatos

354 2814 500 2884 Venetos
526 2817 595 2882 sine
621 2816 774 2900 pondere.
798 2819 844 2884 Et
869 2817 931 2885 hoc
954 2819 1040 2884 idem
1065 2821 1105 2886 de
1130 2820 1325 2886 ducatorum
1346 2819 1490 2902 pondere

356 2931 502 2992 serretur
518 2924 562 2990 ad
577 2924 705 3008 reliqua
721 2926 831 2992 omnis
847 2926 956 2994 officis
972 2935 1096 3011 nostra,
1113 2936 1150 2995 nt
1165 2930 1359 2996 Dominetio
1375 2931 1493 2994 nostra

354 3031 455 3098 ullam
481 3030 558 3098 inde
579 3033 744 3115 jacturam
770 3035 937 3120 suscipiat,
954 3039 1051 3104 sicuti
1075 3039 1235 3106 hactenus
1265 3038 1353 3107 fecit
1378 3037 1425 3108 Et
1450 3057 1493 3103 ex

355 3161 442 3214 nunc
467 3144 599 3222 captum
626 3141 677 3222 sit,
704 3141 791 3226 quod
821 3164 942 3228 omnes,
973 3145 1029 3230 qui
1054 3145 1184 3232 exigere
1209 3149 1325 3230 solent,
1350 3148 1493 3217 florenos

354 3246 544 3334 Hungaros,
575 3249 749 3314 teneantur
780 3249 853 3316 illos
884 3257 1032 3335 portasse
1063 3253 1106 3318 ad
1137 3253 1278 3322 officium
1303 3264 1492 3326 nostrorum

357 3351 621 3420 camerariorum
648 3353 805 3424 Comunis
829 3357 882 3424 die
907 3359 1023 3428 Sabati
1049 3383 1152 3448 usque
1176 3366 1301 3448 tertias,
1327 3387 1393 3452 qua
1409 3367 1495 3434 hors

353 3468 532 3544 transacta,
558 3486 622 3530 uon
647 3466 773 3548 possint
798 3467 937 3552 amplius
954 3491 1011 3553 per
1027 3490 1082 3538 eos
1098 3470 1308 3540 Camerarios
1332 3473 1493 3542 comunis

357 3570 533 3654 acceptari.
592 3616 594 3622 .

463 3677 514 3742 De
530 3684 623 3760 parte
723 3719 767 3731 —
814 3687 856 3747 74

461 3783 513 3848 De
530 3807 594 3851 non
722 3828 761 3840 -
813 3795 852 3856 12

463 3891 539 3957 Non
556 3887 672 3960 sinceri
719 3935 762 3946 -
835 3901 861 3965 l.

464 4053 626 4120 (Velenczei
638 4059 825 4124 sillamkdnyv.
840 4063 939 4112 Senato
954 4069 1029 4116 terrs
1041 4067 1074 4117 V.
1088 4069 1172 4118 Certa
1186 4067 1242 4130 88)
