3336 5258
653 328 747 391 1478.
859 305 860 312 ‘
1194 324 1254 384 371

3 535 5 584 3
126 503 295 568 Felicibus
322 501 534 568 Serenissime
560 503 642 586 Lige
667 501 754 587 apud
772 501 958 568 Civitellam
977 500 1029 565 die
1046 498 1187 567 XXVI.
1203 496 1264 562 Oc-

3 691 5 708 ,
127 611 232 677 coeris
251 613 347 676 147e.

3 709 4 714 ἵ
236 734 417 818 Spectabili
453 743 486 801 et
515 737 648 802 Eximio
679 734 772 800 Juris
802 733 961 800 Consulto
992 731 1190 798 Comissario
1230 739 1263 796 et

3 869 5 876 ’
126 845 265 912 Oratori
282 852 395 909 nostro
412 844 625 909 dilectissimo
642 841 785 907 Domino
802 843 917 907 (lesari
933 839 1124 909 Valentino.

238 1025 367 1088 (Milanoi
380 1025 542 1086 dllamltdr.)

661 1405 735 1466 257.

3 1631 4 1634 ¹
130 1603 228 1666 1478.
247 1602 440 1666 Maroneam
461 1600 653 1666 Constantio
680 1626 701 1665 a
728 1601 866 1664 miltiadi
892 1602 1048 1686 bercchet
1075 1625 1096 1664 α
1121 1623 1264 1686 maqyar

128 1711 245 1796 kiraly
272 1712 303 1771 e'a
329 1711 429 1772 adme!
462 1714 591 1774 cadezrir
617 1710 686 1773 kb'at
712 1705 872 1794 senforqo'
897 1709 970 1772 be'lcc
996 1709 1262 1794 tdryyaldaokro'l

614 1818 780 1904 tuddaitja.

238 2013 349 2078 Ill-me
366 2013 524 2096 Princeps
549 2020 582 2078 et
598 2013 717 2078 Ex-me
732 2012 829 2096 Due,
845 2012 931 2078 Dne
957 2015 1001 2078 mi
1018 2012 1263 2079 Colendissime.

131 2122 298 2186 Humilem
324 2120 644 2187 commendationem.
669 2120 700 2186 ll
721 2123 837 2204 giorno
854 2129 1008 2205 seguente
1024 2121 1057 2186 la
1074 2128 1192 2186 venuta
1213 2122 1265 2186 del

3 2291 5 2298 .
131 2227 288 2293 Conrado
314 2229 427 2311 ginnse
452 2250 518 2311 qua
536 2229 560 2292 il
577 2227 756 2313 Magnifice
773 2229 900 2294 Messer
917 2227 1077 2295 Giacomc
1094 2228 1133 2292 de
1150 2229 1263 2294 Medio

132 2339 371 2403 Ambassatore
388 2336 476 2402 della
493 2335 708 2402 serenissima
725 2337 878 2420 Signoria
895 2337 934 2403 de
943 2335 1094 2420 Venetia,
1110 2325 1266 2420 receputa

3 2483 4 2486 κ
131 2445 220 2511 della
238 2443 380 2510 Cesarea
395 2443 527 2509 Maesta
542 2465 613 2509 com
631 2445 847 2528 grandissimo
874 2466 980 2524 onore,
997 2445 1178 2510 mandatoli
1202 2443 1266 2508 fori

131 2554 222 2619 della
247 2554 330 2617 citta
349 2573 406 2636 per
423 2551 455 2617 lo
471 2554 613 2618 ricevere
630 2553 654 2616 li
669 2553 765 2636 primi
784 2559 817 2618 et
832 2553 924 2618 molti
950 2554 1038 2618 della
1065 2558 1161 2633 corte,
1176 2574 1266 2617 come

3 2655 4 2660 ¹
130 2663 167 2727 lu
183 2663 298 2740 giunto
314 2662 346 2723 in
365 2681 449 2742 casa,
464 2659 570 2725 subito
586 2659 799 2742 presentatoli
817 2662 879 2726 due
896 2661 987 2726 botte
1003 2661 1044 2727 de
1061 2662 1135 2725 vino
1151 2668 1185 2726 et
1201 2681 1265 2725 uno

131 2793 229 2836 carro
255 2769 295 2833 de
319 2768 424 2845 biara,
451 2769 504 2833 die
531 2775 695 2852 sequente,
721 2767 858 2852 beccel,
876 2775 926 2834 25.
944 2767 1097 2835 Octobris
1122 2769 1208 2832 intro
1232 2767 1265 2830 lo

131 2877 416 2944 Reverendissimo
427 2875 574 2940 Vescovo
586 2875 625 2940 de
637 2874 818 2956 Salzburgo
830 2875 966 2959 Signore
981 2879 1015 2942 in
1030 2874 1265 2959 temporalibus

3 3001 5 3012 ’
131 2993 167 3049 et
184 2982 407 3068 spiritualibus
424 2980 463 3045 de
484 2980 574 3046 dicta
601 2983 683 3046 oitta
709 3005 780 3048 cum
808 2985 906 3049 molte
923 2985 1005 3050 altre
1021 2983 1104 3048 bone
1120 2982 1266 3060 castelle,

131 3095 203 3176 ipse
221 3111 350 3175 quoque
366 3089 525 3172 Princeps
541 3090 653 3173 imperi
671 3111 750 3155 vene
776 3111 836 3156 con
857 3097 919 3158 100
937 3091 1070 3172 cavalli;
1095 3091 1165 3174 ipse
1191 3111 1269 3173 quo·
1319 3098 1321 3101 ’

6 3189 15 3202 ‘
133 3221 196 3282 que
214 3203 361 3281 receptus
378 3203 428 3260 est
444 3217 514 3260 cum
532 3197 749 3280 grandissimo
775 3219 882 3278 onore,
901 3199 1013 3264 eodem
1030 3199 1082 3263 die
1099 3199 1268 3264 intrnrono

131 3308 157 3371 li
174 3304 406 3370 Ambassatori
423 3303 499 3368 delli
516 3303 627 3368 Ill-mo
638 3301 770 3387 Signori
789 3305 1056 3372 Ducalmdovico
1074 3306 1113 3370 de
1124 3303 1269 3370 Bavaria

133 3420 167 3479 et
183 3413 249 3477 dell
266 3411 494 3477 Illustrissimo
511 3409 650 3494 Signcre
668 3410 876 3492 Sigismondo
892 3414 987 3480 Duca
1006 3413 1036 3478 d’
1048 3413 1194 3478 Austria.
1217 3411 1268 3476 La

132 3525 253 3586 ronuta
279 3520 312 3584 di
336 3525 424 3584 tutto
450 3526 579 3582 coetero
606 3540 645 3582 ex
671 3540 718 3600 ec,
744 3520 831 3604 quod
858 3519 979 3586 dicitur
1005 3526 1038 3584 et
1061 3527 1270 3602 excerceret,

134 3631 277 3713 primum
293 3626 540 3691 fundamentum
566 3625 620 3690 hic
646 3627 816 3710 dependet.
842 3627 907 3692 Pin
932 3629 1008 3694 ficte
1035 3650 1094 3711 per
1120 3629 1143 3692 li
1168 3627 1270 3710 tempi

134 3736 257 3821 passati
274 3737 297 3800 il
315 3733 422 3799 Turco
449 3755 507 3816 per
533 3735 732 3799 incursiones
759 3735 800 3800 ha
827 3735 909 3802 fatto
934 3736 1141 3819 grandissimi
1159 3734 1270 3800 damni

135 3845 201 3909 alle
216 3850 303 3908 terre
320 3843 373 3906 del
390 3839 602 3906 Serenissimo
628 3843 834 3924 Imperatore
861 3851 894 3908 ct
917 3845 1014 3909 etiam
1040 3843 1092 3908 del
1109 3841 1271 3908 Reveren-

136 3951 268 4016 diseimo
286 3950 499 4032 Monsignere
516 3949 557 4012 de
575 3947 767 4032 Salzburgo.
784 3951 849 4016 Nel
866 3949 1020 4035 Augusto
1036 3949 1196 4035 proesimo
1213 3970 1272 4032 per

134 4059 170 4124 la
186 4060 371 4124 incursione
388 4056 476 4121 facta
493 4055 536 4120 da
552 4054 674 4121 Turchi
691 4079 761 4122 cum
779 4058 877 4123 molle
895 4058 1046 4142 migliara
1071 4056 1111 4121 de
1136 4077 1272 4140 persone

3 4223 5 4228 .
136 4165 347 4232 intolerabile
365 4164 472 4229 daune
499 4187 516 4228 e
541 4164 628 4230 lacto
655 4165 721 4229 alla
746 4167 879 4232 Maesta
902 4165 1078 4249 imperiale
1095 4185 1112 4227 e
1129 4163 1162 4228 al
1179 4164 1272 4247 Epis-

137 4293 219 4355 copo
250 4273 290 4337 de
323 4270 512 4354 Salzburgo.
540 4271 570 4334 Il
594 4272 689 4336 Duca
715 4271 879 4337 Ludovico
906 4273 1046 4337 Baviere
1072 4276 1104 4335 et
1129 4271 1153 4335 il
1179 4271 1274 4336 Duca

138 4378 347 4462 Sigiamondo
358 4379 494 4444 Austris
504 4386 538 4444 et
548 4379 643 4444 vicini
654 4381 796 4444 tenendo
806 4381 830 4444 il
844 4381 916 4446 loco
932 4382 1101 4464 proesimo‚
1111 4381 1273 4444 insumma

141 4507 201 4550 con
229 4483 413 4568 Salnburgo
441 4485 550 4550 secero
575 4507 642 4550 una
670 4485 757 4551 dieta
781 4507 841 4570 per
866 4485 945 4551 dare
972 4486 1086 4550 ordine
1111 4492 1144 4550 et
1171 4487 1276 4570 prori-

1110 4591 1165 4644 ²⁴*
