3356 5266
623 309 837 376 '14su·
936 284 938 288 ’
1039 293 1042 297 ’
1243 314 1285 377 ce

155 492 275 575 meglio
292 494 346 558 dal
362 493 462 558 tendo
478 491 517 557 de
535 491 567 556 la
583 492 659 555 luna
676 493 709 555 in
727 514 791 574 qua
845 543 852 556 .
901 542 907 556 .
956 543 961 556 .
1009 542 1015 555 .
1063 541 1069 554 .
1117 509 1124 553 .’
1170 541 1176 555 .
1224 542 1229 556 .
1278 541 1285 557 .

154 603 297 670 Venetia
313 601 365 666 die
382 599 485 666 XXI.
502 599 704 684 Septembris
723 603 817 666 146r.

197 729 237 794 Ε.
254 726 296 794 V.
313 727 363 791 Ill
384 727 461 791 Exc.
871 724 1078 790 fidelissimus
1095 725 1241 792 Servitor

870 831 1041 898 Gerardus
1059 833 1098 896 de
1116 830 1230 898 Collis.

260 941 499 1008 Illustrissimis
539 939 746 1024 Principibus
777 963 815 1005 ac
845 939 1138 1006 Excellentissimis
1171 941 1211 1006 D.
1243 939 1285 1005 D.

152 1052 300 1118 Blanche
326 1051 463 1116 Ducisse
487 1049 668 1115 Mediolani
693 1055 726 1113 et
751 1048 913 1115 Cremone
938 1048 1078 1113 Domine
1103 1055 1135 1114 et
1162 1048 1286 1114 Galeas

1 1216 2 1231 i
47 1253 54 1262 .
153 1161 262 1227 Maria
279 1159 403 1227 Slortie
417 1156 619 1238 vicecomiti,
635 1155 720 1224 Duei
736 1156 919 1250 Mediolani
936 1163 994 1222 etc.

264 1340 390 1401 (mnanoi
409 1339 629 1402 allamleveltar.)

639 1520 798 1528 ψ

696 1753 748 1816 41.

158 1937 254 1998 1467.
272 1937 301 1996 Α
321 1934 475 1998 velenczei
491 1931 710 1998 ‹illomtcndcs
734 1931 829 1995 lescle
845 1930 953 1996 Diedo
970 1931 1109 1995 Fereucz
1134 1954 1289 2017 mappar-

154 2043 284 2128 orszctpi
308 2042 469 2106 kducttbez
495 2063 534 2103 cz
560 2038 684 2125 erde'lyi
700 2037 851 2124 salletas,
868 2037 962 2124 fd'lep
985 2039 1085 2125 pediq
1108 2064 1130 2102 a
1156 2041 1289 2126 Mdlyu's

235 2149 348 2235 lcii-dly
364 2149 448 2214 alsat
464 2173 485 2212 a
503 2147 647 2212 tol-nkkel
663 2147 760 2211 loten
767 2147 1014 2232 fcpyversailnet
1030 2147 1221 2234 tcirpydbau.

157 2325 464 2395 MOGCOLXVII.
481 2325 534 2390 die
550 2323 710 2391 XVIIII.
728 2322 890 2391 Octobris,

266 2451 327 2518 Ser
343 2452 520 2518 Francisco
536 2451 644 2517 Diedo
663 2451 809 2534 Doctum,
835 2451 972 2518 Oratori
998 2459 1111 2518 nostro
1137 2453 1171 2517 in
1197 2449 1289 2516 Hun-

156 2564 262 2645 geria.

159 2667 371 2752 3Sapientes
388 2667 524 2752 Oonsilij
593 2669 596 2752 l
689 2667 885 2752 Accepimus
924 2665 1144 2752 superioribus
1175 2665 1290 2734 diebus

156 2779 179 2840 4
196 2773 369 2859 Sapientes
384 2782 407 2839 t.
423 2774 443 2838 f.
593 2755 596 2851 l
643 2775 757 2840 literas
772 2780 898 2840 vestras
916 2773 1041 2840 dierum
1057 2775 1159 2858 tercij,
1170 2778 1290 2858 quarti,

205 2881 378 2966 Sapientes
395 2882 560 2982 Ordimrm
571 2892 597 2984 j
643 2883 781 2966 septimi,
807 2888 840 2949 et
864 2883 1009 2966 vigesimi
1035 2885 1175 2966 augusti,
1203 2893 1290 2967 post·

154 3013 245 3056 remo
255 3013 330 3058 vero
339 2997 446 3058 vestre
462 2997 539 3057 sunt
554 2992 619 3057 diei
636 2991 768 3056 secundi
783 2991 945 3055 instantis.
960 2991 1005 3055 m
1021 3012 1210 3074 quecunque
1227 2991 1288 3075 'per

157 3121 214 3164 ros
230 3105 303 3165 acta
319 3106 392 3164 sunt
407 3106 474 3166 tam
491 3101 576 3165 circa
602 3099 824 3167 executionem
849 3097 1077 3164 mandatorum
1097 3105 1288 3183 vestrorum,
1366 3150 1369 3157 .

157 3210 331 3290 presertim
347 3229 421 3274 vero
438 3209 525 3274 circa
542 3209 702 3276 novitates
718 3209 827 3274 Banui
845 3207 949 3291 Olisij,
967 3229 1063 3292 quem
1082 3208 1169 3274 circa
1185 3210 1288 3292 prati·

159 3339 215 3382 cas
240 3315 313 3381 illas
337 3321 558 3400 treuguarum,
584 3319 677 3382 istius
702 3315 908 3383 Serenissimi
933 3315 1066 3381 Domini
1091 3315 1192 3400 Regis
1217 3339 1289 3381 cum

160 3423 302 3504 Turcho‚
324 3424 403 3508 ipsis
428 3425 546 3491 vestris
587 3423 691 3490 literis
722 3424 939 3508 cognovimus.
967 3424 1014 3489 Et
1039 3424 1190 3489 similiter
1221 3431 1291 3488 tam

158 3531 377 3612 rebellionem,
394 3553 491 3616 quam
507 3533 729 3599 reductionem
744 3532 787 3598 ad
802 3531 975 3617 pristinam
992 3531 1194 3598 devotionem
1219 3553 1292 3616 pro-

159 3640 264 3705 vincie
280 3640 506 3724 Transilvane,
531 3647 563 3706 et
589 3661 777 3725 quecunque
803 3639 896 3706 uobis
919 3640 1132 3707 occurrentia.
1157 3641 1204 3706 Et
1220 3662 1292 3705 cum

158 3754 272 3814 nostro
289 3747 433 3816 Consilio
443 3747 647 3833 Rogatorum
664 3749 898 3832 respondentes
909 3748 1054 3830 dicimus,
1071 3747 1164 3814 nobis
1181 3749 1292 3816 admo-

158 3856 237 3922 dum
262 3855 432 3940 placuisse,
457 3863 616 3940 quautum
641 3863 672 3922 et
697 3878 769 3921 cum
793 3855 861 3920 Tus
885 3853 992 3921 danus
1024 3855 1158 3921 absente
1185 3857 1293 3940 Regia

158 3964 348 4048 Majestate,
364 3970 398 4030 et
413 3971 526 4048 postca
542 3985 614 4029 cum
631 3986 679 4046 ea,
697 3964 827 4028 demum
847 3983 918 4028 cum
935 3961 991 4028 illo
1009 3962 1169 4047 Vayvoda
1184 3965 1208 4030 J
1211 3987 1292 4028 anus

159 4071 264 4138 cusim
281 4071 366 4160 (ipp)
383 4095 441 4157 pro
458 4073 601 4138 remedio
627 4071 855 4137 scandalorum
871 4070 978 4137 Banni
1004 4067 1097 4155 Olisij
1122 4093 1194 4135 cum
1220 4071 1292 4136 sub-

159 4182 238 4248 ditis
254 4185 375 4250 nostris
400 4191 434 4249 et
450 4205 510 4269 pro
526 4183 733 4249 restitutione
749 4183 909 4249 bonorum
925 4183 1111 4249 ablatorum
1138 4187 1294 4265 operatus

159 4293 250 4375 estis,
266 4294 376 4376 sicque
393 4293 539 4359 volumus
554 4299 592 4358 ut
607 4293 831 4377 perseveretis,
847 4291 1081 4374 solicitetisquc
1092 4289 1160 4354 'Pus
1170 4289 1194 4356 J
1196 4311 1292 4354 anum

160 4401 203 4466 ad
219 4401 415 4466 mittendum
431 4403 617 4486 quempiam
634 4423 672 4465 ex
684 4403 751 4466 suis
768 4399 811 4465 ad
828 4399 902 4466 illas
919 4405 1042 4484 partes,
1054 4404 1091 4463 ut
1106 4398 1294 4463 institueret

160 4530 222 4598 pro
238 4509 472 4598 compositione
489 4509 622 4578 illarum
638 4529 757 4594 rerum,
784 4514 817 4574 et
842 4507 1081 4577 restauratione
1104 4505 1296 4576 damnorum
