3356 5266
441 325 483 386 34
768 343 1000 390 uncounezrsr
1016 331 1184 388 nurn'mnn.

418 510 535 586 pacate
561 504 705 581 vivetur;
723 503 895 568 sedetiam
912 503 1017 587 siquid
1034 502 1244 570 dissensionis
1261 509 1294 567 et
1313 501 1551 567 discordiarum

422 609 585 690 acciderit,
609 617 646 676 ut
671 611 764 692 solet,
780 619 812 676 et
828 611 1011 694 displiceat,
1035 617 1068 676 et
1093 611 1225 678 omniuo
1246 608 1483 674 occurrendum
1501 611 1556 691 sit,

420 720 602 803 presertim,
628 724 665 783 ut
690 718 809 785 subditi
836 719 983 804 exemplo
1007 719 1190 804 principum
1206 739 1337 783 suorum
1363 716 1493 782 discant
1517 718 1551 782 in

417 847 498 909 paee
524 832 557 892 et
581 827 615 892 iu
642 825 863 892 benivolentia
888 828 1013 908 vivere3
1048 824 1323 909 quemadmodum
1350 845 1422 889 cum
1455 823 1552 888 Bauo

418 933 551 1002 Oroatia
568 935 682 1000 scribit
696 935 804 1018 Regia
819 933 979 1020 Majestas
997 934 1120 1002 Vestra
1135 941 1168 1000 et
1193 956 1252 1018 per
1276 934 1407 999 litteras
1433 939 1469 997 et
1491 954 1552 1016 per

416 1044 563 1109 nuntium
580 1049 706 1108 eertum
722 1043 835 1126 egisse,
853 1041 940 1125 quod
965 1043 1058 1109 nobis
1085 1041 1202 1107 auditu
1227 1041 1450 1127 gratissimum
1478 1041 1551 1124 luit,

415 1158 451 1217 ut
466 1151 659 1236 percognita
669 1149 708 1217 de
719 1151 848 1234 integro
864 1159 970 1217 mente
988 1150 1181 1217 Serenitatis
1198 1150 1348 1234 pacatius
1359 1172 1458 1235 agere
1474 1172 1549 1215 cum

417 1259 560 1340 uostris3
584 1281 643 1324 nec
659 1265 708 1324 est
725 1258 952 1342 suspicandum
969 1259 1186 1326 Sibinieenses
1212 1263 1353 1340 nostros,
1379 1258 1419 1323 de
1452 1258 1549 1324 Bano

415 1371 486 1452 ipso
502 1371 679 1452 provocato
695 1367 782 1433 ultos
799 1367 890 1450 fuise,
906 1373 938 1432 et
955 1367 1088 1451 perinde
1100 1389 1209 1434 acusu
1219 1368 1349 1432 evenire
1365 1366 1548 1450 aliquando

416 1476 506 1554 solet,
523 1475 658 1558 priores,
675 1477 731 1558 qui
747 1475 918 1540 intulerint
933 1475 1097 1559 iujuriam,
1114 1473 1277 1559 conqueri,
1294 1475 1457 1559 siquidem
1483 1475 1547 1540 Ba·

417 1606 478 1649 nus
503 1585 580 1669 ipse,
605 1591 639 1648 et
664 1585 802 1668 primum
829 1591 863 1648 et
879 1583 1057 1650 secundum
1080 1589 1113 1648 et
1128 1583 1263 1649 tertium
1281 1583 1411 1667 injurijs
1426 1583 1548 1667 predis,

418 1692 561 1776 cedeqne
586 1693 776 1776 provocavit
801 1690 1020 1758 Sibinicenses
1046 1693 1143 1775 ipsos
1169 1693 1225 1777 qui
1250 1693 1314 1756 vim
1340 1691 1370 1756 vi
1387 1691 1548 1775 repellere

419 1801 572 1881 volentes,
588 1822 626 1866 eo
641 1801 741 1866 tracti
758 1805 842 1878 sunt,
868 1808 905 1866 ut
931 1799 1163 1868 decertandum
1189 1801 1276 1865 inter
1292 1801 1416 1865 amicos
1442 1805 1475 1864 et
1501 1802 1546 1864 vi·

417 1909 505 1974 einos
531 1908 639 1992 fuerit,
664 1908 751 1993 quod
777 1908 915 1975 maxime
942 1909 1077 1974 dedecet
1103 1915 1134 1973 et
1160 1909 1254 1974 nobis
1285 1908 1548 1990 ingratissimum

414 2018 487 2098 fuit,
504 2022 603 2100 atque
620 2015 701 2082 adeo
718 2017 814 2082 simul
831 2015 924 2083 nobis
939 2016 1124 2098 innotuite
1145 2017 1281 2100 vestigio
1298 2017 1492 2098 curavimus,
1510 2023 1547 2080 ut

416 2147 508 2193 arma
524 2126 772 2211 deponerentur,
789 2133 888 2210 atque
906 2126 1027 2191 sedatis
1038 2124 1210 2210 discordijs
1221 2130 1415 2209 pergeretur
1431 2127 1550 2208 amice,

415 2241 447 2300 et
460 2215 577 2318 pacate
594 2236 708 2316 vivere,
732 2257 796 2300 nou
822 2234 1011 2300 dubitantes
1037 2234 1193 2302 Vestram
1219 2233 1360 2316 Regiam
1387 2233 1546 2318 Majesta-

414 2349 481 2408 tem
497 2342 609 2407 itidem
625 2341 789 2410 facturam
806 2341 894 2423 fore;
911 2363 969 2407 nec
986 2341 1076 2407 aliud
1091 2349 1238 2408 secutum
1257 2348 1317 2422 est,
1343 2347 1377 2406 et
1401 2342 1450 2405 ita
1475 2363 1547 2425 spe·

414 2472 523 2516 ramus
548 2456 622 2534 post
648 2449 709 2516 hac
734 2448 890 2528 futurum,
916 2456 1088 2533 postquam
1114 2448 1237 2517 Vestra
1263 2447 1370 2532 Regia
1385 2449 1547 2532 Majestas

417 2559 500 2625 odeo
526 2563 718 2642 opportune,
743 2564 779 2623 ut
795 2557 918 2639 scribit,
934 2557 1169 2641 providendum
1186 2559 1321 2621 curavit.
1338 2555 1481 2640 Nosque,
1508 2563 1546 2622 ut

416 2669 457 2735 ab
473 2668 594 2733 nostris
608 2669 656 2732 ita
672 2666 738 2749 fiat,
754 2668 850 2733 sicuti
875 2682 1002 2750 semper
1027 2666 1199 2749 voluimus,
1224 2687 1356 2749 operam
1390 2665 1547 2748 dedimus,

415 2776 587 2859 daturique
616 2797 735 2855 sumus,
761 2775 1035 2856 quemadmodum
1060 2774 1102 2839 ab
1130 2772 1271 2839 Oratore
1297 2781 1419 2854 nostro,
1448 2794 1546 2855 quem

412 2887 483 2968 jam
498 2885 677 2950 dimisimus
694 2882 737 2949 ud
759 2881 971 2967 Majestatem
987 2881 1153 2962 Vestram,
1170 2882 1298 2967 plenius
1316 2881 1359 2948 ad
1376 2889 1487 2948 cetera
1503 2882 1545 2948 de

416 2985 606 3075 his'agetur.

523 3099 569 3164 Et
585 3097 625 3163 de
642 3097 704 3164 hac
720 3105 832 3166 nostra
848 3100 1057 3184 responsione
1074 3122 1113 3164 ao
1129 3100 1246 3164 litteris
1263 3098 1455 3183 Majestatis
1472 3118 1547 3181 pre-

414 3207 483 3272 lato
509 3205 604 3272 detur
629 3207 752 3272 noticia
777 3227 816 3271 ao
843 3209 994 3274 mittatur
1021 3208 1204 3292 exemplum
1231 3205 1346 3274 Nobili
1378 3209 1448 3273 viro
1482 3206 1543 3274 Ser

412 3314 538 3382 Joanni
555 3315 672 3380 Emmo
689 3314 794 3396 militi,
811 3313 949 3382 Oratori
966 3321 1086 3381 nostro.

523 3441 575 3506 De
591 3445 689 3524 parte
735 3480 778 3492 —
827 3443 899 3506 146.

523 3548 575 3614 Do
592 3570 657 3613 non
741 3589 783 3598 --
869 3557 898 3615 Ο.

522 3654 599 3719 Nou
608 3656 725 3721 sinceri
741 3696 785 3704 —
869 3662 899 3720 0.

489 3818 643 3879 (Velenczei
654 3819 833 3884 aillamkbuyv
841 3820 1054 3872 :Deliberationi
1064 3821 1171 3871 Secreto
1190 3821 1234 3870 del
1246 3822 1345 3872 Senato
1361 3825 1549 3872 1469-1470.

413 3911 446 3958 ³4
465 3909 531 3975 lap.)
