3340 5260
657 353 751 414 1470.
781 416 782 419 Ἴ
1125 340 1127 351 ’
1209 348 1272 409 189

137 535 172 594 te
191 529 362 614 utriusque
377 530 540 611 dixerunt,
557 528 644 612 quod
660 531 750 612 prius
768 549 864 612 quam
892 528 1039 593 Turchus
1065 527 1128 591 iret
1157 531 1273 591 contra

138 634 399 722 Negropontum,
409 659 482 704 eum
499 643 590 702 motu
600 637 732 720 proprio
742 640 951 702 tentaverant
965 634 1094 718 depace
1104 633 1273 698 nobiscum

137 745 292 830 ineunda,
306 753 343 812 ut
359 767 422 830 que
439 747 533 814 ambe
549 746 728 811 christiane
745 750 821 810 sunt
841 750 874 810 et
890 742 1040 809 omnibus
1064 741 1273 824 Christianis,

138 854 299 940 nobisque
315 856 488 942 presertim
504 853 630 936 affecte,
655 853 772 938 quibus
789 852 938 920 Turchus
965 852 1178 936 responderat
1194 856 1273 922 tune

136 985 206 1030 non
222 986 293 1030 esse
310 972 437 1049 tempus
453 965 639 1050 hujusmodi
655 965 711 1044 rei,
729 963 890 1047 quomodo
916 963 1074 1028 maximas
1096 963 1165 1046 jam
1190 959 1273 1025 feee-

136 1078 194 1138 rat
211 1074 373 1156 impensas
389 1095 450 1158 pro
465 1067 629 1156 impiesia,
645 1093 743 1156 quam
768 1072 931 1155 suscipere
956 1070 1202 1136 deliberaverat.
1227 1067 1274 1132 Et

136 1180 271 1263 quodsi
289 1187 465 1265 antequam
480 1187 531 1246 tot
551 1180 679 1246 fecisset
702 1181 960 1264 preparationes,
976 1177 1162 1263 hujusmodi
1190 1197 1273 1242 men·

135 1290 187 1354 tio
204 1289 253 1354 illi
277 1289 365 1354 sacta
390 1288 516 1368 fuisset,
541 1287 625 1354 forte
651 1287 738 1372 quod
762 1308 857 1354 aures
875 1293 908 1352 et
924 1287 1067 1351 animum
1092 1284 1135 1350 ad
1159 1305 1272 1368 pacem

136 1398 348 1482 applicasset.
374 1397 456 1463 Post
473 1419 548 1464 vero
564 1395 764 1480 Nigroponti
784 1397 1059 1480 expugnationem
1074 1394 1144 1477 ipse
1161 1393 1273 1458 eedem

137 1507 283 1572 Domine
299 1513 414 1590 sponte
431 1527 490 1570 sua
505 1507 624 1571 iterum
641 1503 784 1569 'Furcum
801 1505 906 1587 ipsum
926 1502 966 1568 de
981 1500 1166 1586 hujusmodi
1192 1521 1272 1578 pace

136 1615 263 1680 tentari
278 1615 431 1697 fecerant,
448 1615 504 1698 qui
520 1615 566 1680 eis
581 1613 758 1698 respondit,
784 1613 915 1695 quodsi
932 1610 974 1676 ad
994 1633 1067 1676 eum
1092 1608 1273 1674 miserimus

137 1744 180 1788 ex
206 1724 325 1788 nostris
355 1725 541 1807 quempiam
572 1743 632 1806 pro
663 1722 722 1788 illa
753 1721 977 1806 practicanda,
1008 1725 1178 1786 contentus
1210 1719 1274 1783 erit

137 1831 289 1896 devenire
305 1831 348 1896 ad
363 1852 477 1914 paoem
492 1829 669 1896 nobiscum.
680 1829 727 1894 Et
742 1829 854 1910 voluit,
864 1835 962 1913 atque
981 1827 1144 1895 commisit
1161 1848 1274 1910 supra-

136 1939 236 2006 dietis
252 1935 397 2025 Nuntijs
414 1945 450 2005 ut
467 1939 618 2022 Venetijs
635 1938 678 2003 ad
693 1957 752 2003 nos
768 1938 924 2018 venirent,
941 1944 974 2002 et
989 1943 1139 2003 nostram
1166 1936 1273 2002 scisci-

135 2053 289 2113 tarentur
304 2048 506 2113 voluntatem
523 2045 680 2113 offerendi
699 2045 1022 2112 salvumconductum
1037 2044 1273 2128 amplissimum

137 2177 228 2238 casu,
243 2178 307 2241 quo
324 2157 457 2253 adeum
473 2157 604 2222 mittere
631 2155 673 2220 ad
698 2177 812 2239 paoem
838 2155 992 2222 devenire
1017 2154 1274 2222 deliberavimus.

137 2263 213 2330 Nos
239 2286 313 2332 vero
339 2265 475 2350 Nuntijs
501 2265 696 2350 supradietis
720 2264 957 2349 respondimus,
985 2263 1068 2330 sicut
1092 2285 1150 2347 per
1174 2263 1274 2327 intro-

136 2373 264 2438 clusum
280 2374 461 2458 exemplum
486 2372 708 2457 responsionis
733 2378 844 2438 nostre
869 2371 1028 2437 videbitis.
1054 2370 1100 2434 Et
1126 2370 1273 2452 quamvis

136 2482 248 2547 omnia
265 2503 337 2547 cum
353 2481 453 2564 Regis
480 2477 621 2547 Oratore
647 2480 964 2561 comunicaverimus‚
990 2478 1138 2544 volumus
1165 2485 1272 2542 tamen

136 2597 172 2656 et
188 2589 279 2655 vobis
294 2589 497 2670 mandamus,
522 2589 610 2673 quod
634 2589 737 2673 Regio
756 2587 958 2654 Sublimitati
983 2587 1091 2652 dicere
1115 2587 1273 2672 debeatis,

136 2696 228 2780 quod
243 2718 303 2782 pro
320 2695 427 2763 officio
444 2703 554 2763 nostro
572 2699 773 2763 existimetis

246 2861 406 2923 (Velenczei
425 2859 604 2927 atlamkttnyv
627 2865 685 2913 148.
704 2861 735 2922 l.)

627 3037 785 3056 -ψ

656 3277 745 3343 ·133.

134 3459 235 3524 1470.
254 3457 279 3520 Α
301 3459 452 3522 eeleoczei
467 3459 686 3523 attaminatus
705 3459 816 3524 Erremo
832 3457 940 3525 Jcaos
957 3456 1075 3526 teneret
1091 3485 1112 3524 o
1129 3461 1271 3525 csdszriv-

133 3570 193 3631 boz
219 3567 325 3645 baldi,
352 3591 373 3630 a
400 3567 553 3632 terranea
570 3568 709 3632 abvekvd
733 3569 929 3633 tratalmcuct
944 3581 1076 3655 rettepve
1092 3593 1113 3632 u
1130 3573 1275 3633 csdszctrt

389 3675 622 3762 sepdlyaddsra
638 3676 775 3760 kiminja
793 3678 1021 3742 osztonczrerci.

134 3851 411 3919 MOOOOLXX.
430 3851 481 3918 die
498 3851 597 3920 XVI.
616 3854 778 3921 Octobris.

245 3980 306 4046 Ser
321 3981 443 4045 Joanni
461 3980 544 4045 Enro
562 3982 666 4062 militi,
685 3981 817 4048 Oratori
835 3983 921 4064 aliud
939 3980 1189 4047 Serenissimum
1206 3980 1273 4046 Do·

135 4089 260 4153 minum
277 4087 524 4172 Imperatorem.

133 4212 310 4297 Sapientes
328 4212 466 4299 Cousilij
517 4234 519 4271 ¹
614 4215 810 4300 Scripsimns
830 4215 919 4280 vobis
935 4214 1050 4297 pridie,
1063 4219 1100 4278 ut
1117 4235 1155 4278 ex
1175 4213 1273 4279 Buda

133 4319 309 4404 Sapientes
326 4321 387 4387 tf.
569 4323 610 4388 ad
637 4323 890 4390 Serenissimum
917 4321 1094 4386 Dominum
1128 4321 1272 4404 Impera·

133 4414 559 4511 toremv·e11ii'edebteretis,
586 4433 695 4515 sicque
711 4454 766 4497 vos
783 4430 899 4495 fecisse
917 4451 979 4494 non
1001 4429 1194 4507 dubitamus.
1220 4453 1272 4494 vo·

132 4535 241 4601 lumus
266 4539 368 4624 igitur
393 4545 426 4604 et
451 4538 540 4604 vobis
567 4541 767 4621 mandamus
792 4547 829 4604 ut
855 4559 964 4603 coram
989 4537 1076 4602 illius
1096 4535 1271 4621 Majestate
