3336 5252
401 376 466 438 268
751 378 1171 438 urraouucmrnunanns.

401 549 531 616 Turcho
547 550 580 614 al
596 549 694 632 luogo
710 549 749 615 (13
766 548 861 615 Casia
877 551 1073 632 immediate,
1091 552 1199 634 quello
1215 555 1332 635 optene
1356 569 1427 617 cnm
1445 553 1535 616 tutte

400 657 430 721 le
448 657 577 739 fortene,
594 657 669 722 fatti
686 681 705 722 a
721 657 791 742 peai
809 659 873 724 tuti
889 657 1025 724 Italiani
1050 665 1084 724 et
1099 658 1161 724 tuti
1177 659 1352 742 principali
1377 659 1418 724 de
1443 658 1535 724 dioto

399 763 508 847 luogo,
526 769 559 829 et
574 785 630 829 era
646 763 802 830 ecordato
817 765 847 830 el
864 763 972 830 Tusco
998 787 1070 830 curu
1091 764 1281 850 iprincipal
1305 766 1377 849 capi
1403 765 1444 830 de
1469 771 1537 832 tar·

400 871 467 936 tari
493 877 526 936 et
551 872 651 938 etiam
677 895 749 937 cum
765 873 776 937 i
793 870 1002 956 Transalpini
1027 895 1047 937 a
1072 871 1191 938 damno
1216 871 1269 940 dei
1286 872 1436 957 Vajvoda
1461 894 1536 956 pre-

401 979 500 1046 dicto.
517 979 614 1045 Unde
630 1003 702 1046 oum
721 981 845 1064 grande
862 981 1019 1046 instantia
1034 981 1178 1048 richiede
1201 1003 1331 1049 secorso
1348 981 1435 1047 dioto
1451 980 1537 1065 vaj-

401 1086 486 1154 voda
502 1086 557 1152 ala
572 1087 702 1154 Maesta
728 1086 798 1156 Sua
822 1109 881 1173 per
907 1089 940 1156 13
965 1089 1179 1173 importantia
1203 1089 1420 1174 grandissima
1443 1088 1536 1154 dela

401 1197 571 1281 optention
597 1197 636 1263 de
663 1197 750 1263 dioto
776 1198 876 1281 luogo
902 1199 942 1264 de
959 1198 1055 1266 Oaffa
1081 1207 1115 1265 ct
1130 1222 1189 1284 per
1205 1206 1329 1284 quanto
1346 1201 1364 1264 e
1380 1199 1536 1284 predicto

401 1311 515 1390 questo
532 1306 662 1391 Sigeon,
678 1330 695 1373 3
713 1309 747 1374 in
773 1309 897 1392 grande
923 1308 1112 1392 afflictione,
1128 1315 1161 1374 et
1187 1309 1243 1376 dal
1261 1315 1359 1377 canto
1376 1330 1436 1378 suo
1451 1309 1537 1392 dice,

400 1412 475 1479 sara
491 1415 566 1499 ogni
581 1415 764 1498 provisione
788 1415 951 1500 possibile,
977 1425 1011 1482 et
1035 1419 1122 1484 aussi
1146 1439 1329 1503 procureno
1355 1437 1429 1482 cum
1455 1417 1537 1501 ogni

401 1521 582 1605 diligentia.
606 1521 680 1587 Idio
704 1545 763 1607 per
787 1546 846 1590 sua
872 1525 1044 1592 clementia
1068 1527 1204 1610 provedi
1220 1526 1252 1590 ai
1268 1525 1405 1609 bisogni
1422 1523 1537 1592 Chris·

401 1629 484 1695 tiani
500 1651 559 1712 per
574 1630 607 1696 la
623 1631 796 1716 grandcza,
812 1631 864 1698 dei
879 1633 1017 1718 periculi
1033 1633 1272 1718 succederiano,
1282 1656 1317 1700 se
1333 1656 1393 1718 per
1408 1633 1537 1700 miseri-

401 1737 514 1804 cordia
529 1760 593 1804 non
608 1741 810 1822 provedesse.

507 1845 635 1914 Dubita
658 1849 758 1914 etiam
783 1850 1019 1934 grandamente
1049 1850 1118 1919 Sua
1149 1853 1287 1935 Maesta,
1317 1871 1377 1936 per
1409 1853 1537 1935 quanto

401 1952 529 2018 noviter
552 1953 595 2020 ha
611 1955 738 2040 sentito,
755 1959 795 2024 de
810 1961 963 2044 apparati
979 1960 1033 2028 del
1049 1961 1166 2046 Turc0‚
1182 1983 1217 2027 se
1232 1959 1375 2027 habiano
1390 1958 1538 2024 adridri·

402 2083 477 2127 zore
495 2061 773 2148 versoBelgrado,
784 2073 818 2132 et
833 2089 892 2152 per
910 2077 1025 2152 questo
1042 2069 1098 2134 fan
1115 2069 1192 2152 ogni
1209 2070 1383 2154 provision.
1401 2065 1537 2150 Quanto

403 2171 578 2237 succedere
593 2193 652 2255 per
667 2176 730 2240 mie
746 2175 788 2246 V.
802 2177 1018 2262 uscanensis,
1046 2181 1197 2246 celerima
1217 2201 1293 2246 sara
1317 2179 1479 2256 adnisam,
1494 2197 1538 2240 ne

401 2273 497 2359 altro,
514 2277 569 2344 ala
584 2281 695 2364 gratia
711 2305 771 2350 sua
787 2285 830 2350 mi
846 2285 1046 2354 ricomando.
1062 2287 1115 2354 Ex
1130 2285 1226 2353 Buda
1240 2284 1293 2350 die
1308 2285 1424 2352 ultimo
1440 2281 1466 2350 J
1467 2283 1540 2350 unii

403 2385 499 2454 1475.
514 2385 595 2454 hora
611 2389 718 2472 prima
734 2392 848 2458 noctis.

1070 2501 1285 2571 Sebastianus
1300 2499 1491 2568 Baduarius

1181 2606 1305 2676 Orator
1321 2613 1380 2675 eet

514 2711 671 2772 (Veleucaci
691 2713 888 2783 ollamkonyv.)

935 3133 1008 3195 188.

404 3287 500 3352 1475.
519 3287 669 3353 Leonard
698 3289 829 3376 despota
861 3316 883 3356 a
914 3294 1067 3359 veleoczei
1089 3296 1180 3381 (13931
1205 3321 1227 3361 o
1252 3295 1541 3382 (3331333339-

403 3393 464 3458 331(
479 3395 622 3462 rdszleteo
638 3399 889 3486 moapalmoirdl
912 3425 968 3489 cpy
983 3403 1071 3467 adme
1086 3408 1167 3469 utun
1182 3403 1399 3490 tctw'cleotdse
1414 3402 1541 3470 surina

885 3508 1055 3596 tuddoitpo.

692 3665 817 3734 Datum
832 3668 867 3735 in
884 3667 999 3737 Sancti
1015 3671 1138 3738 Maura
1152 3671 1178 3740 J
1179 3671 1236 3756 uiij
1255 3677 1374 3756 quarto
1393 3673 1490 3738 1475.

509 3772 711 3860 Eoeanplum.

510 3877 724 3946 serenissime
754 3879 909 3967 Principe
951 3891 985 3952 et
1015 3886 1152 3953 Exn-me
1179 3885 1276 3954 D-ne.
1302 3888 1387 3954 Post
1417 3886 1541 3953 humil-

401 3987 514 4054 limam
540 3989 862 4056 commendationem.
888 3991 954 4058 Per
987 3996 1161 4062 continuas·
1191 3996 1226 4061 al
1257 3995 1369 4062 debito
1394 4001 1428 4062 et
1452 3995 1539 4061 obli-

400 4095 530 4178 gatorio
560 4101 673 4162 nostro
704 4098 738 4161 in
769 4096 830 4163 dar
861 4099 973 4168 adviso
1009 4109 1042 4168 et
1069 4101 1289 4188 intelligentia
1315 4103 1382 4170 3113
1407 4103 1536 4172 Vostra

403 4200 516 4268 Ill-ma
532 4201 694 4288 Signoria,
704 4205 744 4272 (13
762 4214 886 4292 quanto
904 4211 1045 4278 seutimo
1062 4212 1102 4278 de
1117 4212 1148 4278 le
1163 4213 1313 4298 pretiche
1329 4219 1363 4279 et
1378 4211 1538 4298 apparati

402 4309 442 4375 de
473 4318 587 4393 questo
619 4313 873 4384 insolentissimo
903 4318 1042 4405 Turoho,
1073 4320 1221 4389 adonche
1252 4319 1440 4388 notificamo
1479 4318 1537 4387 ala

402 4417 528 4488 Vostra
542 4421 652 4489 Ill-ma
669 4421 830 4511 Sigania,
847 4429 1024 4496 comoedi
1042 4435 1093 4498 30.
1110 4430 1150 4499 dc
1170 4431 1288 4518 Zugno
1313 4452 1409 4498 zonse
1425 4431 1537 4515 quiin

402 4525 525 4597 Sancta
540 4529 660 4598 Maura
685 4532 717 4597 lo
744 4535 930 4620 speculator
954 4545 1077 4624 nostro,
1094 4541 1126 4606 lo
1145 4542 1224 4627 qual
1249 4543 1370 4610 seriose
1386 4544 1535 4610 teniamo
