3336 5258
374 322 443 386 388
726 341 958 392 ennonnozmr
975 329 1144 392 anrdmnu.

376 499 444 566 lere
460 525 589 586 pacem:
614 510 717 569 estote
735 505 835 588 igitur
851 527 924 570 cum
940 507 1049 589 Regia
1066 505 1275 572 Sublimitate
1290 510 1324 569 ct
1339 503 1510 588 Majestati

377 606 441 673 Sue
469 633 531 675 nen
559 611 663 676 solum
688 635 802 696 pacem
831 614 899 697 jam
924 614 1128 680 notissimam
1164 619 1275 678 notam
1308 611 1428 693 lacite;
1455 611 1512 677 sed

376 715 539 783 affirmate
564 719 664 784 etiam
689 718 908 786 Secretarium
935 729 1082 787 nestrum
1109 743 1182 786 cum
1209 718 1351 786 Oratore
1374 720 1511 785 Domini

377 824 476 890 Turci
503 827 546 892 ad
570 848 629 894 nos
653 828 808 894 redeunte
835 829 868 894 in
886 827 1065 895 Albaniam
1091 829 1266 913 appulisse,
1283 835 1317 894 et
1344 830 1513 913 expectari

376 931 429 998 hic
446 934 479 999 in
496 935 592 1018 diem,
604 943 753 1002 excusate
770 959 894 1003 moram
912 937 1007 1022 hujus
1025 938 1275 1021 significationis
1292 961 1331 1004 ex
1348 941 1510 1023 intercep-

375 1042 463 1109 tione
479 1045 650 1110 literarum
666 1053 861 1128 nostrarum,
879 1047 1031 1128 ethonis,
1047 1048 1201 1130 gravibus
1229 1053 1262 1112 et
1287 1047 1513 1114 accomodatis

376 1153 483 1220 verbis
509 1153 610 1218 eidem
628 1155 731 1238 Regio
748 1153 942 1222 Celsitudini
963 1155 1124 1222 affirmate
1142 1177 1199 1222 nes
1225 1157 1257 1222 in
1284 1179 1411 1222 summa
1436 1178 1512 1222 eum

376 1261 552 1346 Majestate
570 1284 627 1328 sua
642 1262 859 1328 benivolentia
883 1269 917 1328 et
932 1265 1040 1330 studio
1067 1264 1261 1330 amicissime
1287 1263 1412 1330 vivendi
1439 1284 1513 1346 per-

377 1375 591 1452 severaturos,
616 1375 654 1435 ut
679 1373 735 1454 qui
761 1373 912 1438 datorum
946 1378 980 1436 et
1004 1378 1210 1456 acceptorum
1242 1373 1330 1437 ultro
1362 1374 1513 1456 citroque

377 1477 606 1546 beneficiorum
623 1481 769 1546 oblivisci
785 1502 849 1546 non
873 1483 1060 1565 poterimus.
1086 1483 1132 1546 Et
1156 1482 1281 1546 utinam
1300 1481 1408 1546 desint
1424 1481 1514 1565 apud

375 1589 518 1672 Regiam
544 1587 793 1672 sublimitatem,
816 1591 875 1674 qui
905 1591 1048 1674 proprijs
1080 1589 1287 1656 consulentes
1318 1589 1427 1672 rebus,
1459 1611 1513 1654 res

378 1695 564 1781 Majestatis
581 1721 638 1763 sue
658 1705 690 1764 et
707 1699 845 1764 alierum
862 1699 896 1763 in
913 1697 1026 1764 labore
1042 1703 1076 1762 et
1093 1698 1279 1764 discrimine
1298 1719 1421 1782 ponere
1447 1717 1514 1762 non

378 1813 539 1887 verentur,
566 1812 624 1872 aut
640 1809 755 1872 saltem
772 1808 878 1890 Regia
895 1805 963 1872 Sua
981 1805 1171 1872 Sublimitas
1197 1809 1412 1874 amicissimas
1438 1828 1514 1890 ope·

378 1915 519 1980 rationes
531 1921 564 1979 et
581 1914 713 1980 effeetus
729 1923 868 1998 nostroe,
884 1937 957 1980 eum
974 1915 1159 1982 artificiosis
1177 1915 1315 1982 alierum
1333 1923 1513 1982 tentamen-

377 2022 421 2087 tis
437 2023 606 2088 conserens
622 2026 792 2092 veritatem
818 2031 851 2089 et
876 2025 1098 2090 sinceritatem
1122 2031 1231 2090 nostre
1249 2047 1326 2108 erga
1343 2047 1377 2090 sc
1395 2025 1513 2090 mentis

379 2138 412 2196 et
427 2132 649 2216 dispositionis
669 2141 833 2216 agnoscat,
850 2156 915 2199 non
940 2133 1097 2199 mutando
1114 2139 1172 2199 aut
1188 2134 1343 2200 variando
1360 2133 1402 2198 eb
1419 2132 1512 2198 illam

377 2261 486 2305 rerum
502 2242 724 2322 mutationem,
741 2263 804 2306 non
821 2240 1008 2308 dubitantes
1035 2241 1170 2307 eandem
1187 2242 1400 2326 Majestatem
1425 2241 1511 2306 simi·

378 2349 419 2414 lis
435 2371 512 2431 erga
528 2371 586 2414 nos
602 2349 763 2414 facturam
780 2352 939 2434 propositi
956 2357 990 2415 et
1005 2350 1193 2431 veluntatis
1210 2351 1266 2414 ubi
1291 2356 1403 2416 autem
1421 2349 1511 2416 robis

378 2457 492 2524 melius
507 2463 636 2542 tempus
655 2465 685 2522 et
705 2459 786 2523 ordo
803 2459 974 2525 verborum
992 2459 1171 2541 inserviret,
1187 2457 1332 2523 modeste
1344 2459 1511 2524 declarate

378 2589 439 2631 uos
456 2589 570 2651 pacem
585 2568 688 2651 ipsam
705 2568 929 2634 inconcussam
947 2588 1018 2634 esse
1035 2574 1234 2633 servaturos.

485 2676 603 2740 Estote
619 2697 762 2740 seorsum
782 2697 853 2740 cum
870 2673 1158 2741 Reverendissime
1175 2673 1266 2740 D-no
1283 2673 1455 2740 Cardinali
1480 2681 1513 2739 et

380 2784 518 2866 querite,
535 2791 570 2848 ut
586 2803 645 2868 per
660 2785 748 2849 illins
764 2786 862 2849 etiam
878 2783 1020 2849 medinm
1037 2791 1069 2850 et
1085 2785 1255 2849 eonsilium
1265 2779 1373 2864 Regia
1390 2783 1512 2866 Majcs-

379 2899 432 2955 tas
449 2891 489 2955 de
505 2894 597 2957 nobis
613 2891 727 2956 eredat
744 2899 777 2958 ct
793 2893 964 2974 existimet,
981 2893 1015 2958 id
1032 2891 1120 2976 qued
1136 2892 1175 2956 de
1201 2892 1296 2956 bonis
1322 2892 1435 2957 amicis
1461 2897 1510 2955 est

379 3000 573 3065 credendum
591 3007 622 3065 et
638 3001 898 3084 existimandum,
914 3008 946 3066 ot
963 3000 1059 3066 R·mc
1075 3001 1300 3066 Dominationi
1326 3022 1384 3066 sue
1409 3001 1509 3066 dicite

378 3131 436 3178 nos
453 3111 495 3177 ad
511 3116 639 3176 nestros
655 3111 813 3177 Rectores
829 3107 960 3178 Verona
986 3111 1155 3195 scripsisse
1181 3111 1214 3175 in
1231 3109 1375 3176 savorem
1403 3129 1511 3175 rerum

379 3221 527 3303 germani
554 3220 689 3284 condam
715 3221 775 3300 sui,
792 3221 876 3284 sicut
901 3220 942 3283 ad
967 3241 1026 3284 nos
1052 3218 1224 3284 scribendo
1240 3218 1463 3300 requisivistis,
1480 3223 1513 3282 et

379 3334 548 3412 promptos
565 3350 624 3394 nes
641 3349 709 3392 esse
736 3327 777 3394 ad
803 3335 911 3394 cetera
936 3329 1053 3411 omnia,
1070 3349 1132 3411 qno
1148 3326 1431 3392 Reverendissimc
1448 3325 1513 3390 Pa·

375 3437 529 3502 ternitati
548 3459 604 3502 sue
621 3445 720 3520 grata
735 3437 806 3502 sore
822 3438 1088 3503 intellexerimus.

487 3544 542 3610 Ad
560 3546 682 3610 dietam
700 3552 807 3612 autern
827 3545 962 3612 Polonie
979 3567 1035 3612 vos
1052 3545 1255 3611 nullomodo
1272 3545 1447 3628 accedatis,
1463 3543 1512 3608 vel

379 3655 514 3722 accedat
544 3655 764 3739 personaliter
789 3655 839 3721 vel
872 3677 934 3719 non
966 3655 1101 3722 accedat
1126 3655 1233 3738 Regia
1257 3653 1431 3736 Majestas,
1455 3653 1511 3717 scd

379 3764 474 3829 Budc
490 3785 657 3829 remanere
683 3771 717 3828 et
741 3763 832 3829 aliud
858 3771 1005 3830 nostrum
1032 3771 1206 3849 expectare
1222 3763 1412 3829 mandatum
1435 3768 1469 3826 et
1485 3761 1512 3826 si

384 3871 622 3955 invitareminjt
649 3893 705 3938 vos
736 3879 886 3938 excusate
918 3895 990 3938 curn
1023 3871 1089 3937 illis
1120 3872 1235 3953 verbis,
1266 3894 1328 3955 qne
1353 3871 1444 3938 vebis
1469 3871 1512 3934 vi·

381 3981 534 4045 deantur.

487 4083 629 4170 Literas,
656 4111 737 4173 quas
763 4089 934 4156 scribimus
961 4088 1181 4156 Serenissimis
1198 4089 1350 4154 Dominis
1366 4085 1511 4170 Regibus

380 4197 517 4262 Polonie
533 4206 566 4263 et
583 4199 725 4282 Boemie,
740 4200 928 4264 nuntiantes
946 4200 990 4263 eis
1007 4221 1121 4282 pacem
1136 4205 1286 4264 nestram
1304 4219 1374 4262 cum
1394 4197 1510 4277 'lurco

381 4306 465 4370 sicut
482 4327 521 4370 ex
536 4306 660 4370 incluso
678 4305 824 4388 exemplo
841 4304 1004 4370 ridebitis.

488 4413 540 4477 De
555 4413 613 4478 illa
633 4415 724 4494 turri,
741 4415 797 4497 qui
814 4414 992 4496 inquietum
1018 4420 1052 4478 et
1072 4412 1294 4479 turbulentum
1320 4413 1411 4477 illum
1433 4412 1510 4478 frat·

381 4525 463 4584 trem
481 4518 706 4586 Alexandrum
732 4521 878 4586 edificari
903 4524 935 4585 in
961 4521 1131 4588 Scardona
1157 4523 1313 4605 queritur,
1338 4521 1508 4606 lllajestati
