3336 5258
358 355 426 421 404
727 370 959 418 cunculcatur
976 356 1145 416 suntuna.

256 551 261 558 ’
356 532 455 601 moda
470 534 522 617 sit,
539 539 572 598 et
587 533 687 599 etiam
712 531 878 614 damnosa,
903 536 937 596 et
961 534 1138 616 propterea
1161 527 1337 614 prohibita,
1355 527 1492 593 vetustis

355 650 389 708 et
406 641 506 710 arctis
523 641 644 708 nostris
660 640 797 725 legibus,
808 646 841 706 et
856 661 922 706 non
937 645 1051 706 careat
1066 639 1167 706 etiam
1180 641 1334 724 respectu
1350 636 1492 722 alicujus

354 750 511 835 periculi3
527 749 674 818 habituri
689 755 800 816 tamen
825 769 936 816 sumus
952 749 987 814 in
1002 748 1103 814 talem
1119 753 1272 815 eventum
1297 751 1331 813 at
1355 744 1494 816 necessi-

355 864 457 928 tatem
475 860 711 944 propugnandi
729 865 762 925 et
778 857 893 924 luendi
908 857 1019 941 Regni
1043 856 1214 924 christiani
1240 861 1276 924 et
1297 854 1496 938 amicissimi,

352 967 432 1034 llam
446 967 614 1049 rationem,
630 973 664 1033 et
679 967 772 1032 illam
786 965 942 1050 gentibus
979 966 1046 1032 suis
1072 965 1191 1032 facturi
1216 964 1492 1045 commoditatem,

355 1096 418 1159 que
443 1075 547 1141 amori
572 1075 605 1140 in
629 1073 770 1158 Regiam
796 1071 873 1140 Sub.
890 1078 1003 1141 nostro
1029 1079 1063 1140 et
1088 1081 1199 1140 nostre
1223 1074 1342 1160 pietati
1365 1071 1442 1138 fidei
1459 1077 1493 1137 et

354 1183 507 1269 religioni
523 1183 703 1249 conveniat.
721 1180 889 1266 Posthac,
905 1201 967 1266 quo
984 1186 1059 1246 sunt
1082 1181 1116 1246 in
1131 1182 1344 1266 responsione
1368 1201 1490 1262 corum,

355 1314 418 1376 quc
434 1290 580 1360 exhibita
596 1313 654 1376 per
670 1291 772 1358 R·um
786 1291 829 1357 D.
844 1288 1056 1357 Oardinalem
1072 1298 1106 1356 et
1121 1311 1180 1376 per
1197 1291 1375 1360 Oratorem
1391 1289 1493 1369 fuere,

353 1401 588 1485 subjungatur:
605 1398 703 1484 Quod
718 1399 977 1484 nudiusquartus
993 1420 1033 1466 ex
1049 1399 1155 1467 literis
1179 1400 1285 1486 Regia
1299 1397 1491 1485 Majestatis

356 1508 576 1576 intelleximus
601 1509 771 1576 victoriam
796 1511 964 1577 obtentam
989 1515 1106 1576 contra
1131 1531 1285 1595 magnum
1308 1507 1491 1574 infidelium

355 1639 533 1700 numerum,
558 1620 614 1702 qui
640 1625 752 1704 partes
778 1617 1013 1691 Transilvanas
1038 1618 1186 1703 ingressi,
1212 1638 1323 1686 omnes
1353 1615 1423 1683 fere
1446 1615 1489 1680 ab

357 1728 451 1810 regio
477 1727 620 1811 presidio
636 1726 795 1794 trucidati
810 1747 1006 1812 remansere,
1023 1727 1144 1812 dequo
1161 1727 1276 1794 nuntio
1301 1726 1392 1792 illam
1417 1744 1492 1810 per-

354 1837 498 1921 cepimus
509 1835 757 1921 joounditatem,
768 1857 866 1921 quam
882 1857 943 1922 pro
959 1837 1104 1903 amicitia
1118 1845 1234 1904 nostra
1249 1843 1283 1902 et
1299 1857 1359 1920 pro
1375 1837 1491 1901 nostra

355 1945 419 2012 fida
435 1951 468 2011 et
483 1945 640 2028 religione
657 1945 879 2030 unusquisque
904 1947 1090 2030 conjectura
1108 1947 1241 2029 assequi
1256 1951 1376 2031 potest,
1402 1949 1437 2008 et
1452 1963 1490 2007 cx

357 2055 471 2120 intimo
489 2052 596 2120 cordis
611 2053 731 2120 affectu
746 2077 819 2121 cum
835 2054 934 2121 Rmo
950 2053 1040 2121 D-no
1057 2052 1230 2122 Oardinali
1245 2061 1279 2121 et
1292 2053 1383 2120 R-do
1398 2051 1490 2118 D·no

356 2159 531 2244 Proposito
547 2159 690 2244 Regiam
706 2157 943 2230 Oelsitudinem
959 2161 1261 2248 representantibus
1282 2159 1490 2244 congratula

355 2289 436 2349 mur,
451 2287 670 2354 rogamusque
686 2276 868 2358 utrumque,
898 2280 937 2338 ut
960 2273 1000 2338 da
1024 2272 1212 2358 hujusmodi
1226 2271 1338 2338 leticia
1353 2277 1387 2337 et
1401 2270 1491 2336 exul-

357 2375 482 2442 tatione
497 2383 612 2445 nostra
628 2379 695 2445 suis
707 2378 931 2464 literisRegie
941 2378 1137 2448 Oelsitudini
1153 2380 1318 2466 copiosam
1332 2378 1489 2446 noticiam

356 2484 436 2550 dare
452 2483 593 2570 placeat,
617 2491 652 2551 ot
676 2507 749 2554 cum
774 2487 834 2554 illa
859 2493 971 2556 nostro
996 2491 1125 2556 nomine
1138 2487 1331 2574 gratulandi
1346 2487 1488 2554 officium

354 2591 487 2658 faciant.

462 2699 686 2770 Tabellarium
711 2712 820 2773 autem
836 2707 988 2791 Regium,
1004 2707 1059 2791 qui
1084 2707 1119 2772 in
1134 2703 1268 2774 Curiam
1292 2711 1342 2772 est
1364 2704 1489 2791 prosse

355 2814 417 2888 tus,
432 2817 505 2876 oum
521 2809 564 2876 ad
580 2833 639 2878 nos
654 2812 798 2898 redierit,
813 2813 1000 2883 humaniter
1015 2815 1211 2900 excipiemus
1235 2819 1269 2880 et
1293 2813 1489 2880 donabimus

355 2917 388 2982 in
406 2917 535 3000 signum
552 2919 664 3005 gaudij
681 2923 793 2989 nostri.

461 3024 513 3092 De
528 3034 622 3111 parte
674 3077 682 3084 -
714 3065 756 3080 -
807 3034 880 3096 140.

462 3132 513 3200 De
529 3157 595 3202 non
715 3175 758 3186 —
851 3143 879 3204 7.

462 3240 543 3310 Non'
555 3246 673 3312 sinceri
716 3284 753 3296 -
848 3251 879 3315 4.

465 3423 625 3488 (Velenozei
639 3427 839 3496 illamlrdnyv.)
