3336 5258
390 367 454 430 398
739 369 975 430 nrrnouacdnu
992 351 1168 430 suntuna.

390 543 480 623 sime,
505 563 578 608 cum
603 543 752 608 omnibus
778 543 844 608 suis
869 543 961 628 equis
986 543 1121 608 utilibus
1149 543 1190 608 ad
1217 541 1399 610 custodiam
1425 541 1532 627 ipsius

392 652 499 734 patrie
527 650 709 734 contendat,
726 651 889 716 scribatur
913 672 1045 735 quoque
1063 649 1264 716 Rectoribus
1281 650 1417 733 Padue;
1442 651 1532 717 idem

390 759 583 824 mandatnm
608 758 733 826 saciant
748 757 929 843 Spectabili
954 759 1050 824 militi
1066 756 1211 825 Domino
1225 757 1250 823 J
1252 759 1353 824 oanni
1372 757 1529 839 Guarna3

390 872 424 932 et
449 867 598 933 similiter
623 866 682 932 fiat
707 866 888 952 Spectabili
913 866 976 933 Ser
1000 866 1125 933 Joanni
1152 865 1280 933 Jacobo
1304 865 1466 950 Pizinino,
1490 889 1532 933 ac

390 973 564 1042 mandetur
589 975 704 1040 itidem
731 975 900 1041 instructio
927 973 1128 1040 Rectoribus
1153 974 1276 1040 nostris
1293 971 1471 1042 Vincencie
1496 981 1533 1039 et

392 1084 545 1170 Tarvisij.

498 1268 533 1328 (V
534 1267 656 1317 elenczei
666 1265 869 1330 dilamlrtinyv.)

923 1687 997 1750 270.

391 1864 485 1930 1479.
503 1862 531 1930 A
550 1861 699 1930 velenczei
720 1865 943 1930 dllamtoudcs
959 1863 1190 1953 kihallputudn
1206 1891 1228 1931 a
1245 1883 1387 1953 mappas·
1412 1861 1530 1951 kirtly

390 1974 530 2052 lcdocteit,
541 1973 599 2036 kik
617 1996 637 2036 a
656 1973 934 2058 kdztdrsasdpnak
951 1997 989 2038 oc
1004 1973 1225 2060 olaszorszdpr'
1238 1975 1415 2056 moriger
1431 1975 1529 2058 ajdu-

389 2082 445 2146 tctk
468 2084 500 2146 ds
516 2107 536 2146 a
555 2083 646 2146 tdrdk
673 2083 752 2146 allen
778 2081 942 2147 kiildeadd
965 2106 1107 2171 mapyar
1131 2085 1288 2168 dadaereq
1313 2083 1529 2150 alamann

389 2191 510 2255 archad
534 2202 607 2256 utut
632 2191 782 2270 lcc'rdnelt,
807 2192 925 2256 azolcott
950 2193 1035 2257 mma
1061 2192 1339 2279 raduariascdppcl
1364 2196 1480 2276 mcpdt
1502 2214 1526 2254 a

662 2301 805 2366 toroktel
819 2302 918 2366 ternu
933 2301 1056 2366 beke‘uel
1072 2303 1245 2388 mentepctt'.

389 2473 775 2548 MOOOOLXXVIIII.
792 2479 845 2545 die
862 2477 909 2544 X.
924 2475 1126 2546 Novembris.

393 2597 563 2689 Sapientes
585 2601 722 2691 tlonsilij
869 2601 1170 2676 Reverendissimus
1186 2605 1348 2673 Dominus
1365 2603 1529 2672 Cardine—

392 2709 563 2796 Sapientes
573 2712 767 2779 terrafirma
823 2713 863 2778 lis
880 2712 1052 2797 Agriensis
1077 2721 1250 2799 postquam
1276 2709 1529 2780 modestissimis

389 2805 1002 2889 v‘ertT‘isdeilnFav‘iffidltentamentum
1026 2821 1185 2888 satisfacti
1202 2822 1348 2888 diuturni
1366 2821 1415 2887 sui
1443 2817 1527 2888 desi-

389 2927 482 3011 derii,
497 2926 650 2995 visitandi
676 2936 818 2994 nostrum
836 2930 1024 2996 Dominium
1050 2951 1108 3014 per
1133 2930 1334 2996 occasionem
1362 2929 1527 3013 presentis

390 3037 445 3101 sui
459 3034 617 3100 adventus
635 3043 665 3100 et
684 3036 892 3120 profectionis
908 3039 942 3102 in
959 3035 1093 3102 Curiam
1110 3036 1153 3102 ad
1169 3045 1377 3121 conspectum
1396 3035 1524 3102 Summi

390 3141 571 3224 Pontificis,
580 3144 698 3210 missus
708 3144 750 3210 ab
762 3144 869 3228 Regia
887 3143 1096 3210 Sublimitate
1114 3144 1280 3209 suadendo
1297 3144 1416 3210 Italico
1431 3144 1526 3228 par-is

389 3272 493 3317 cansa.
511 3250 589 3318 Pari
607 3253 766 3320 modestia
783 3254 962 3320 ellioaciter
978 3273 1089 3338 pacem
1114 3255 1219 3336 ipsam
1236 3249 1392 3319 Dominio
1409 3260 1526 3318 nostro

388 3358 506 3424 suasit:
531 3365 647 3444 postea
672 3383 706 3429 se
731 3363 858 3428 remisit
883 3362 927 3428 ad
952 3362 1185 3446 expositionem
1212 3361 1373 3444 Oratoris,
1389 3361 1446 3445 qui
1471 3367 1524 3425 est

388 3465 602 3532 Reverendns
633 3467 794 3534 Dominus
826 3467 987 3552 Georgius
1025 3471 1209 3552 prepositus
1241 3467 1451 3534 Posoniensis
1490 3474 1527 3531 et

389 3573 587 3658 apostolicus
612 3575 900 3659 prothonotarins;
926 3583 959 3640 et
985 3574 1091 3640 dictus
1114 3581 1189 3660 post
1213 3576 1377 3642 exhibitas
1409 3575 1526 3641 literas

387 3681 602 3748 credentiales
619 3684 758 3768 longiori
775 3705 922 3749 sermone
939 3685 1042 3749 multa
1065 3691 1214 3768 repetens
1240 3684 1280 3749 de
1306 3690 1420 3750 mutua
1436 3685 1525 3749 inter

387 3787 527 3872 Regiam
553 3790 763 3875 Majestatem
791 3797 826 3858 et
853 3798 1001 3857 nostrum
1027 3791 1218 3857 Dominium
1243 3791 1399 3876 amicitia,
1424 3799 1457 3857 et
1483 3791 1527 3856 de

388 3899 587 3963 comunitate
612 3900 749 3983 periculi
775 3899 945 3966 amborum
971 3907 1126 3982 statuum,
1142 3900 1223 3966 dixit
1239 3899 1380 3984 Regiam
1402 3899 1526 3985 Majos-

390 4011 501 4090 tatem,
528 4009 675 4091 quamvis
700 4009 859 4093 requisita
876 4031 896 4074 a
912 4009 1019 4074 'lurco
1045 4009 1169 4094 pluries
1189 4010 1350 4092 potuisset
1366 4015 1400 4076 et
1416 4015 1528 4093 posset

388 4115 487 4181 etiam
505 4115 788 4200 impresentiarum
806 4138 916 4200 pacem
934 4138 1007 4182 cum
1023 4117 1080 4182 illo
1097 4118 1189 4201 inire,
1200 4123 1233 4182 et
1248 4140 1313 4184 non
1330 4118 1437 4183 solum
1455 4115 1527 4181 nul-

388 4221 432 4287 lis
450 4223 556 4290 [l'urco
573 4222 657 4289 datis
679 4227 784 4306 terrio,
801 4229 859 4290 aut
884 4225 1036 4306 castellis,
1053 4225 1110 4290 sed
1134 4226 1243 4310 potius
1261 4247 1300 4290 ex
1316 4225 1417 4292 Turci
1443 4225 1525 4290 locis

388 4331 451 4396 sibi
468 4331 588 4397 oblatis
604 4333 700 4398 modo
726 4355 873 4399 securum
898 4333 1000 4398 eidem
1018 4334 1127 4400 Turco
1144 4337 1319 4402 transitum
1345 4341 1525 4418 prestaret,

386 4439 428 4503 ad
462 4439 662 4506 invadendas
697 4441 779 4506 alias
811 4441 1007 4508 christianas
1041 4443 1241 4525 provincias;
1273 4443 1379 4508 noluit
1409 4449 1521 4507 tamen

385 4547 485 4611 talem
501 4547 608 4612 facere
625 4570 746 4632 pacem,
762 4571 868 4631 neque
883 4551 961 4632 vult,
977 4571 1160 4634 preponens
1185 4551 1350 4634 publicam
1378 4550 1519 4617 salutem
