3340 5260
750 373 988 418 omnonaomiu
1006 358 1174 418 edidmus.

925 752 997 816 135.

391 915 487 978 1470.
503 911 532 977 A
549 914 702 979 velenczei
725 913 946 979 attenuando
969 913 1061 978 leoelc
1078 911 1184 978 Jdnos
1208 913 1328 1000 vepliai
1341 907 1482 1000 prdfboz
1507 935 1527 974 c

388 1027 519 1088 cedezdr
544 1047 602 1110 eqy
627 1024 756 1108 elfopott
782 1024 1024 1110 vdrnoyya'nole
1050 1023 1211 1087 azabadoa
1239 1021 1458 1086 boosdtcisdro‘l
1496 1022 1530 1082 e's

389 1133 557 1196 dotdrozut
574 1155 595 1194 α
612 1131 756 1196 lctioetlrez
782 1133 815 1195 ἐι
839 1133 1027 1196 cedszdrlzoz
1044 1156 1059 1194 e
1075 1131 1237 1216 tu'rpyban
1264 1129 1386 1192 irando'
1410 1129 1531 1191 leoelek

907 1243 1007 1306 irritet.

389 1397 664 1465 MOCCCLXX.
681 1399 733 1463 dio
751 1399 834 1464 XX.
851 1397 1051 1465 Decembris.

496 1505 615 1572 Comiti
632 1509 657 1574 J
659 1509 755 1573 oanni
773 1507 886 1591 Vegle.

391 1613 562 1698 Sapientes
580 1612 719 1698 Consilij
769 1613 772 1741 q
867 1615 1099 1684 Molestissimo
1126 1617 1344 1683 intelleximus
1369 1635 1427 1698 per
1448 1613 1525 1677 lite-

474 1748 489 1781 »
582 1723 642 1788 tl.
769 1770 772 1817 Ι
821 1747 875 1791 ras
906 1725 1123 1810 Imperatoris
1154 1724 1353 1808 Majestatis,
1385 1743 1528 1804 quarum

473 1855 488 1890 »
583 1830 743 1897 Ordinum
770 1912 772 1918 Ι
821 1835 949 1918 copiam
965 1831 1055 1898 vobis
1075 1831 1232 1898 mittimus
1252 1829 1462 1916 presentibus
1480 1829 1529 1892 in·

388 1923 681 2021 lfflusam's—v'os'
704 1925 867 2023 quendam
898 1942 1081 2008 Martinum
1113 1942 1258 2026 Moyseo,
1290 1940 1459 2005 subditum
1493 1944 1527 2001 et

388 2048 601 2113 castellanum
620 2069 722 2128 suum,
747 2070 850 2132 nuper
875 2051 1007 2134 cepisse,
1035 2057 1068 2114 et
1094 2049 1235 2114 vinctum
1262 2053 1384 2129 tenere,
1411 2053 1444 2110 et
1460 2066 1527 2108 non

390 2155 545 2219 desistere
576 2153 783 2237 plurifariam
815 2156 975 2222 lacessere
1000 2155 1253 2239 Imperatoriam
1285 2151 1524 2220 Celsitudinem

389 2285 490 2346 suem,
515 2262 601 2346 quod
627 2263 668 2328 ab
694 2269 809 2329 nostre
835 2266 1014 2331 intentione
1041 2271 1074 2328 et
1099 2263 1266 2328 voluntate
1290 2261 1527 2326 alienissimum

389 2392 459 2436 esso
475 2372 645 2454 perspicue
662 2371 754 2438 vobis
770 2373 970 2438 innotescere
987 2372 1093 2454 debet,
1112 2378 1145 2437 et
1161 2393 1226 2437 non
1252 2377 1404 2454 putamus
1431 2371 1527 2438 lectis

388 2476 618 2564 Imperatorijs
635 2478 737 2546 literis
754 2501 954 2564 magnopere
980 2502 1043 2546 non
1059 2480 1191 2560 moveri,
1217 2485 1254 2544 ut
1280 2478 1337 2561 qni
1354 2479 1441 2544 omni
1455 2487 1527 2544 stu-

388 2589 441 2656 dio
457 2587 636 2672 gratificari
655 2589 800 2655 nitentes
823 2589 1043 2675 Imperatorio
1062 2588 1277 2668 Sublimitas,
1293 2586 1438 2653 ridemus
1464 2609 1527 2672 per

388 2704 499 2765 vestre
524 2718 625 2782 opera
651 2719 743 2764 secus
768 2720 884 2764 curare
910 2706 943 2764 et
966 2720 1061 2783 posse
1085 2721 1144 2783 per
1166 2695 1404 2764 Celsitudinem
1421 2693 1526 2762 Suam

388 2807 429 2873 de
445 2807 548 2888 uobis,
564 2806 669 2892 deque
686 2815 801 2876 nostra
824 2809 857 2872 in
883 2830 916 2874 se
941 2808 1152 2892 dispositione
1177 2807 1365 2891 conjectori,
1382 2805 1418 2870 id
1435 2804 1525 2889 quod

388 2914 641 2982 diversissimum
666 2923 698 2982 et
724 2918 959 2983 alienissimum
983 2918 1112 3000 penitus
1138 2921 1188 2981 est
1213 2937 1232 2980 a
1260 2917 1398 2981 veritate
1425 2920 1459 2979 et
1482 2913 1526 2978 ab

388 3024 522 3104 sincera,
550 3025 731 3108 devotaque
748 3025 781 3090 in
806 3024 1018 3109 Majestetem
1043 3023 1143 3092 Suam
1169 3029 1276 3090 mente
1302 3029 1335 3089 et
1357 3023 1526 3089 voluntate

388 3140 511 3214 nostra,
536 3134 617 3199 istas
644 3134 745 3218 igitur
772 3135 861 3200 vobis
888 3133 1075 3200 scribendas
1100 3133 1260 3214 duximus,
1285 3139 1323 3197 ιιι
1348 3131 1460 3197 breves
1478 3133 1527 3196 ita

388 3241 639 3326 efficacissimas,
656 3241 773 3328 quibus
798 3243 947 3309 volumus
972 3248 1005 3308 et
1029 3242 1236 3325 requirimus,
1260 3247 1297 3306 ut
1324 3240 1412 3306 illico
1436 3241 1526 3306 omni

387 3369 563 3434 suppressa
586 3370 678 3416 mora
704 3351 960 3434 suprascriptum
986 3349 1167 3416 Martinam
1194 3350 1311 3434 Moyse
1332 3370 1405 3414 oum
1421 3348 1525 3413 omni·

387 3457 446 3524 bus
462 3456 560 3526 rebus
576 3465 609 3524 et
632 3459 727 3525 bonis
752 3481 811 3544 per
836 3480 900 3542 vos,
916 3465 1108 3543 vestrosque
1134 3457 1195 3522 sibi
1219 3457 1341 3523 ablatis
1366 3454 1528 3538 liberetis,

387 3567 652 3650 permittatisque
676 3567 873 3634 incolumem
899 3572 931 3630 et
957 3566 1085 3632 illesum
1110 3565 1176 3630 sive
1202 3564 1245 3630 ad
1266 3565 1524 3648 Imperatoriam

387 3672 597 3758 Majestetem
612 3677 742 3756 reverti,
760 3676 824 3740 sive
849 3697 913 3758 quo
930 3674 1085 3740 maluerit
1100 3694 1134 3739 se
1151 3675 1304 3758 recipere,
1321 3678 1354 3739 et
1370 3677 1447 3756 post
1462 3671 1526 3738 hac

387 3781 429 3846 ab
446 3783 534 3848 omni
550 3783 680 3867 penitus
705 3784 850 3848 novitate
876 3790 908 3847 et
932 3781 1179 3866 perturbatione
1205 3802 1313 3846 rerum
1333 3781 1526 3865 Majestatis

388 3888 531 3972 ejusdem
558 3911 614 3956 vos
637 3889 810 3970 abstinete,
828 3891 916 3973 quod
933 3892 960 3956 si
977 3911 1032 3956 vos
1049 3890 1147 3956 aliter
1162 3888 1270 3955 lacere
1289 3889 1527 3972 presumpseri-

387 3998 429 4062 tis
445 4003 478 4062 et
493 3999 683 4082 perexeritis
708 3999 853 4083 inquiete
877 4000 993 4079 vivere,
1019 3999 1134 4063 scitote
1159 3997 1192 4062 id
1219 3996 1311 4062 nobis
1335 3997 1527 4062 molestissi-

387 4127 474 4170 mum
500 4104 579 4185 lore,
605 4105 876 4190 quemadmodum
903 4107 1009 4190 sepius
1034 4106 1128 4171 vobis
1153 4126 1264 4171 coram
1281 4105 1466 4170 declarasse
1491 4114 1526 4170 et

387 4213 549 4280 declarari
566 4213 680 4280 fecisse
699 4215 899 4281 memininus.

494 4325 540 4389 Et
566 4345 606 4386 ex
631 4345 716 4388 nnnc
741 4330 873 4407 captum
898 4324 949 4405 sit,
970 4324 1056 4406 quod
1083 4323 1150 4387 viro
1177 4319 1289 4387 Nobili
1316 4320 1377 4387 Ser
1393 4322 1523 4388 Joanni

388 4430 495 4513 Aymo
522 4430 617 4495 militi
643 4433 815 4513 scribatur,
841 4439 874 4497 et
901 4433 1076 4498 mittantur
1101 4431 1249 4513 exempla
1267 4429 1439 4495 literarum
1456 4437 1527 4496 tam
1619 4515 1621 4522 y

388 4539 606 4624 Imperatorio
624 4539 813 4626 Majestetis
830 4539 951 4622 adnos,
962 4562 1059 4624 quem
1076 4547 1261 4606 nostrerum
1280 4537 1321 4602 od
1339 4538 1526 4620 predictum

1661 969 1664 1104 l
