3336 5258
644 341 738 405 1479.
1193 343 1273 408 tle.

121 519 225 600 tuum,
250 523 283 584 et
306 523 431 604 quanto
455 515 663 584 festinantius
689 513 792 604 potes,
806 519 923 604 trajice
949 519 1101 606 Segnam,
1121 526 1154 586 et
1180 519 1256 590 inde

1 687 3 715 ,
122 645 185 708 per
201 625 383 694 breviorem
400 632 433 692 et
449 627 603 694 tutiorem
619 627 705 694 viam
720 626 764 694 ad
779 629 980 713 presentiam
995 627 1098 713 Regis
1113 629 1262 714 predicti,

123 733 178 798 cui
203 733 268 800 'sub
293 733 400 802 literis
424 735 545 801 nostris
572 735 824 804 credentialibus
848 744 924 822 post
946 736 1055 805 factae
1078 737 1207 804 debitas
1230 745 1264 804 et
1313 803 1316 808 .

1 847 2 890 1
123 843 355 910 convenientes
388 843 604 910 salutationes
630 849 664 909 et
687 844 869 911 oblationes
893 844 934 910 de
958 866 1048 912 mere
1079 851 1262 927 consuetas,

122 950 254 1035 explica
269 973 405 1018 causam
421 957 477 1017 tue
494 949 537 1018 ad
553 951 642 1018 illius
658 957 866 1037 conspectum
891 953 1103 1038 profectionis
1122 955 1262 1038 repenti·

123 1075 202 1124 num
218 1081 242 1124 s.
258 1065 292 1126 et
307 1083 328 1127 a
343 1059 439 1126 nobis
455 1061 702 1145 inexpectatum
727 1067 850 1128 motum
877 1068 911 1129 et
935 1064 1179 1147 aggressionem
1195 1061 1261 1128 iae-

1 1230 2 1266 ,
121 1173 193 1232 tam
218 1169 250 1234 in
275 1168 416 1235 insulam
441 1167 548 1252 Vegle
571 1189 630 1252 per
646 1168 755 1236 Maier
771 1169 853 1238 Blas
871 1170 1088 1256 (lapitaneum
1113 1170 1259 1254 ejusdem

121 1273 323 1360 Majestatis,
338 1276 382 1343 ad
398 1298 494 1360 quem
509 1275 614 1343 locum
631 1299 690 1362 pre
706 1297 786 1345 eura
801 1279 948 1347 custodie
970 1279 1256 1364 marisimpedita,

122 1405 165 1448 ex
181 1385 401 1452 vetustissime
416 1405 507 1451 more
525 1390 648 1468 nestro,
663 1384 856 1470 Oapitaneis
881 1389 1002 1456 nostris
1027 1389 1166 1455 accessit
1187 1408 1260 1472 pro·

123 1494 214 1559 visor
237 1499 351 1562 noster
375 1514 448 1559 cum
472 1494 585 1576 paucis
610 1515 649 1560 ex
673 1496 793 1562 nostris
818 1495 1023 1578 triremibns3
1054 1502 1088 1562 et
1110 1494 1259 1563 nonnulli

125 1602 227 1668 etiam
258 1623 297 1668 ex
327 1603 447 1670 nostris
478 1601 666 1670 hominibus
704 1604 930 1688 proximarum
963 1605 1146 1672 insularum
1186 1625 1262 1670 eon·

124 1710 260 1792 fluxere,
274 1713 418 1778 novitate
444 1712 492 1778 rei
516 1711 598 1778 moti
622 1718 782 1798 tanquam
797 1713 832 1779 in
848 1734 1015 1780 comunem
1042 1711 1262 1780 defensionem

1 1907 2 1910 Ἴ
125 1824 162 1884 et
176 1819 333 1887 adsersus
349 1842 485 1888 comune
501 1820 697 1906 periculum
714 1844 773 1890 nos
786 1828 898 1889 autem
907 1824 1097 1908 priusquam
1114 1822 1156 1889 de
1171 1828 1262 1892 tran-

125 1928 194 1992 situ
210 1929 378 2014 copiarum
403 1930 437 1995 in
453 1929 594 1996 insulam
618 1930 744 2015 aliquid
768 1931 1014 2013 audivissemus,
1022 1953 1162 1998 rumore
1181 1955 1261 2016 quo·

125 2035 204 2102 dam
220 2037 318 2106 exciti
333 2043 366 2102 te
383 2038 599 2121 misseramns,
615 2043 653 2104 ut
670 2036 814 2122 Segnam
830 2038 873 2104 ad
889 2037 1027 2105 eundem
1045 2036 1262 2124 Oapitaneum

15 2141 19 2147 ’
125 2145 299 2212 accederes
316 2153 350 2212 et
366 2147 582 2232 persuaderes
607 2145 840 2214 abstinentiam
857 2147 1075 2233 cujuscunque
1099 2147 1265 2232 novitatis,

125 2259 161 2318 et
177 2252 327 2321 hocloco
343 2276 402 2339 per
418 2253 565 2320 ordinem
589 2276 700 2338 narra,
716 2259 875 2337 quantum
901 2255 935 2320 in
960 2255 1150 2322 executione
1173 2277 1263 2324 man-

1 2410 2 2417 τ
125 2361 281 2428 datorum
307 2368 494 2430 nostrerum
520 2367 675 2428 executus
699 2361 791 2428 fuisti
817 2385 891 2428 eum
908 2361 1018 2429 Maier
1033 2363 1123 2448 Blas,
1140 2369 1174 2428 et
1198 2385 1264 2430 res·

124 2472 318 2554 pensionem
335 2470 398 2537 tibi
414 2468 535 2554 datam,
550 2493 609 2556 per
634 2493 733 2556 quam
758 2492 817 2538 nos
839 2472 1056 2556 judicavimus
1072 2472 1141 2539 sere
1156 2494 1264 2539 neees-

127 2581 261 2659 sarium,
293 2585 331 2644 ut
356 2579 399 2645 ad
424 2587 632 2665 conspectum
647 2579 752 2664 Regia
778 2577 995 2647 Sublimitatis
1024 2579 1202 2664 accederes
1225 2601 1266 2648 ea

124 2689 237 2753 omnia
252 2685 480 2756 declaraturus
496 2694 610 2755 nostro
625 2689 764 2772 nomine,
779 2693 813 2754 et
828 2691 863 2756 in
888 2689 1076 2774 hujusmodi
1100 2689 1263 2756 narratio·

125 2799 179 2863 nis
203 2804 259 2864 tue
285 2798 399 2864 ordine
415 2797 468 2864 iac
484 2798 624 2882 Regiam
641 2795 886 2866 Sublimitatem
902 2797 1085 2882 intelligere
1103 2797 1187 2864 nihil
1198 2819 1262 2881 per

125 2911 277 2972 nestrum
302 2906 503 2990 provisorem
527 2911 586 2972 aut
610 2906 692 2972 alios
716 2911 847 2972 nestros
872 2927 943 2973 esse
968 2906 1179 2972 commissum
1202 2927 1264 2990 pre

127 3012 321 3082 offendenda
335 3013 442 3100 Regia
451 3014 628 3100 Majestate
644 3035 711 3098 sua,
727 3015 818 3100 eujus
835 3015 1014 3082 amicitiam
1031 3034 1158 3100 semper
1173 3033 1263 3097 mag-

126 3122 308 3207 nifacimus,
325 3129 364 3190 ut
387 3129 465 3208 pote
489 3121 709 3206 honorificam,
726 3123 840 3190 utilem
860 3129 892 3190 et
917 3121 1088 3191 comedam
1105 3120 1264 3189 ambobus

126 3232 231 3313 nobis,
249 3239 282 3299 et
297 3233 358 3300 hoc
373 3248 541 3300 monemus
562 3253 622 3318 per
636 3237 672 3298 te
688 3253 758 3299 esse
774 3231 1010 3300 advertendum
1026 3233 1060 3299 in
1076 3230 1263 3316 oppositum

126 3342 266 3428 alicujus
283 3341 413 3408 sinistre
427 3339 677 3422 informationis,
694 3361 757 3425 que
772 3341 853 3408 data
867 3339 953 3407 sorte
969 3340 1076 3408 eidem
1091 3338 1265 3424 Majestati

126 3449 244 3517 fuisset
267 3449 307 3517 de
323 3449 538 3534 portamentis
554 3447 738 3515 Provieoris
763 3454 796 3515 et
812 3447 1115 3534 Supracomitorum
1134 3452 1262 3516 nostre·

125 3579 208 3642 rum,
232 3558 288 3642 qui
311 3558 468 3644 precipua
491 3557 654 3625 modestia
678 3557 708 3625 el
734 3557 936 3624 continentia
966 3557 1124 3623 adversus
1150 3560 1265 3638 gentes

126 3664 317 3752 Maiestatis
334 3687 392 3734 sue
406 3667 455 3732 usi
472 3671 556 3749 sunt,
573 3671 606 3731 et
621 3671 769 3750 utuntur,
784 3665 881 3751 gnari
896 3666 1015 3732 mentis
1032 3670 1065 3731 et
1081 3663 1264 3749 dispositio-

127 3776 180 3842 nis
205 3779 326 3841 nestre.
341 3772 465 3840 Postea
490 3793 563 3840 oum
589 3773 749 3858 singulari
773 3773 958 3859 aptitudine
975 3778 1009 3840 et
1023 3772 1185 3840 modestia
1199 3769 1266 3837 Re·

126 3884 216 3966 giam
233 3881 475 3950 Sublimitatem
500 3903 582 3967 roga
597 3887 632 3948 et
648 3880 823 3948 efficaciter
839 3881 972 3966 postula
996 3885 1031 3946 et
1045 3885 1129 3963 pete,
1144 3885 1182 3944 ut
1205 3899 1266 3962 per

125 3997 270 4058 veterem
295 3997 328 4056 et
358 3995 561 4058 constantem
591 3995 737 4058 nostram
769 3988 1024 4056 benivolentiam
1054 3993 1088 4053 et
1118 4005 1264 4056 amorem

125 4099 285 4168 abstineri
301 4097 410 4166 faeere
425 4099 580 4184 dignetur
599 4097 642 4164 ab
657 4097 900 4183 oppugnatione
923 4096 1012 4163 illius
1028 4094 1132 4161 insule
1147 4094 1265 4162 tantis-

124 4231 195 4296 per,
211 4209 316 4276 donee
331 4207 374 4275 ad
400 4207 537 4273 eundem
554 4207 755 4274 Maestatem
770 4206 916 4292 applicet
932 4203 1064 4288 Orator,
1081 4222 1179 4288 quem
1203 4223 1264 4286 pro

127 4321 194 4385 hae
208 4338 308 4385 cauea
323 4315 454 4383 mittere
471 4315 716 4397 destinavimus,
739 4313 993 4398 justificatorum
1009 4317 1043 4379 et
1058 4315 1264 4379 ostensurum

127 4428 281 4494 honestas
308 4431 342 4492 et
366 4424 512 4493 efficaces
535 4425 692 4508 rationes,
715 4444 798 4508 quas
822 4422 982 4489 habemus
1006 4422 1041 4488 in
1064 4419 1172 4486 insula
1194 4439 1280 4503 pre·³

124 4535 236 4618 dieta;
251 4535 286 4602 in
301 4556 368 4621 qua
385 4534 467 4602 nihil
483 4533 639 4616 nolumus,
649 4533 715 4600 nisi
731 4537 890 4618 qnantum
904 4530 1033 4618 justicie
1050 4535 1083 4595 et
1098 4526 1277 4596 honestati*
