3334 5262
725 393 960 440 nrrtoutcztm
978 392 1145 438 EMLEKEK.

907 665 978 726 103.

377 827 471 890 1469.
490 821 518 884 Α
538 826 688 888 velencsei
704 825 1064 890 dllumtcndcsllirbiel
1082 823 1208 889 Miltlo's
1224 821 1343 885 ltdvetdt
1357 823 1510 905 madae,

374 936 454 1020 bopy
471 959 492 997 a
509 935 598 1020 scopi
611 933 767 1020 qrdfolcat
787 933 872 1020 Zerrp
900 939 991 998 rdros
1015 929 1356 1018 ciaschbylcldsdbuu
1381 932 1508 1015 sopitae,

373 1041 411 1106 de
427 1042 479 1126 ely
510 1053 641 1127 ttpyeern
668 1041 699 1104 ἐι
725 1041 841 1122 titlcon,
867 1044 946 1128 bopp
973 1041 1089 1105 mictto
1116 1066 1136 1104 u
1161 1061 1303 1122 propper
1323 1037 1507 1124 bireilylyal

688 1151 934 1216 osczeutkcze‘she
952 1175 987 1214 ue
1004 1149 1199 1234 beveredje'lr.

374 1305 729 1378 MOOOOLXVIIII.
748 1309 801 1376 die
818 1312 845 1376 I.
864 1311 1062 1376 Decembris.

374 1417 433 1483 Ser
449 1417 606 1484 Nicolaus
624 1417 819 1502 Superantio
861 1420 864 1505 l
958 1419 1019 1484 Sor
1041 1417 1178 1484 Nicolao
1197 1413 1341 1482 Michael
1357 1415 1508 1480 Doctorn

462 1525 596 1610 Sapiens
613 1526 747 1609 Consilij
861 1586 864 1630 p
914 1525 1049 1595 Oratori
1065 1521 1508 1609 nostroadpsrtesOroatie

376 1620 673 1718 *Cbmplures
690 1637 803 1701 literas
820 1644 944 1702 vestras
960 1634 1141 1715 habuimus,
1151 1655 1291 1718 quarum
1307 1630 1418 1698 ultime
1432 1638 1509 1696 sunt

375 1763 414 1806 cx
429 1741 533 1809 Besta
548 1743 653 1808 insule
670 1742 775 1826 Vegle
791 1744 854 1810 dici
872 1741 1005 1808 XXIII
1020 1743 1180 1826 presentis
1196 1743 1317 1808 mensis
1333 1749 1366 1808 et
1388 1741 1507 1820 omnia,

373 1873 435 1934 que
451 1851 637 1934 scripsistis,
654 1853 775 1935 optime
800 1851 1026 1916 intelleximus,
1048 1849 1240 1916 Laudamus
1266 1849 1509 1933 responsionem

378 1980 436 2042 per
467 1980 522 2026 vos
553 1957 674 2024 factam
700 1955 821 2025 Comiti
847 1958 986 2041 Angelo,
1012 1957 1173 2042 quomodo
1204 1957 1346 2042 prudens
1378 1957 1442 2025 luit
1473 1963 1507 2022 et

379 2073 583 2144 reservatus3
601 2068 657 2132 sed
674 2066 765 2133 nobis
781 2068 949 2151 presertim
975 2067 1106 2150 placuit,
1123 2067 1293 2148 quomodo,
1310 2075 1345 2132 ut
1366 2065 1508 2132 scribitis

374 2176 525 2240 hortatus
541 2175 633 2239 illum
654 2175 731 2240 estis
757 2181 790 2239 et
821 2175 1024 2240 inanimastis
1040 2175 1083 2239 ad
1099 2176 1378 2258 temperationum
1394 2174 1507 2239 civita·

372 2285 425 2364 tis,
442 2290 473 2348 et
499 2283 566 2349 uidi
592 2285 650 2347 sui.
681 2283 726 2348 Et
753 2290 789 2348 ut
814 2291 954 2348 mentem
980 2291 1125 2349 nostram
1151 2285 1238 2350 vobis
1264 2283 1508 2367 patefaciamus,

372 2391 571 2475 possitisque
597 2391 726 2456 rosilli
752 2391 970 2471 accomodare,
997 2393 1113 2458 scitote
1139 2390 1334 2457 desidorium
1360 2395 1508 2456 nostrum

374 2519 452 2580 esse,
469 2507 506 2566 ut
520 2500 569 2566 illi
587 2499 754 2584 Magnifici
772 2498 915 2566 Comites
934 2511 1126 2585 recuperent
1151 2501 1314 2568 civitatem
1331 2523 1432 2580 suam,
1449 2501 1508 2568 sed

373 2615 483 2676 tamen
501 2608 658 2675 nollemus
674 2631 733 2673 nos
749 2609 795 2673 ita
812 2630 885 2674 cum
901 2609 1004 2692 Regia
1021 2609 1199 2694 Mcjestate
1216 2609 1391 2694 Hungarie
1416 2609 1510 2690 dete,

374 2738 459 2800 gere,
477 2718 561 2802 quod
587 2718 752 2783 eveniente
778 2741 813 2782 rc
838 2719 941 2800 aliter,
966 2740 1062 2802 quam
1089 2719 1322 2800 desideramus,
1345 2718 1450 2784 insule
1474 2723 1509 2782 et

373 2827 445 2890 loca
460 2833 573 2892 nostra
599 2827 843 2892 circumstantia
868 2825 954 2891 bello
980 2826 1138 2910 implicita
1163 2833 1386 2906 remanerent3
1409 2847 1505 2909 prop·

374 2941 466 3000 terea
480 2935 524 3014 id,
540 2935 626 3019 quod
642 2933 747 3020 pridie
768 2935 858 3001 vobis
884 2934 1080 3018 scripsimus,
1107 2936 1302 3018 replicamus
1331 2934 1430 3000 ctiam
1446 2937 1507 2998 im-

373 3044 618 3126 presentiarum,
651 3050 686 3106 ut
718 3065 741 3107 s.
767 3042 807 3107 de
832 3042 937 3122 rebus,
962 3061 1044 3124 quas
1071 3042 1162 3107 vobis
1188 3042 1413 3126 expressimus,
1439 3043 1509 3109 sine

374 3149 658 3232 demonstratione,
690 3149 746 3214 sed
777 3150 962 3215 cautissime
994 3156 1028 3214 et
1044 3150 1103 3215 sub
1128 3157 1278 3234 pretextu
1309 3157 1343 3214 et
1372 3153 1506 3218 nominc

375 3255 511 3323 Comitis
520 3257 545 3322 J
547 3259 662 3322 oannis
677 3257 826 3340 impresie
842 3279 907 3337 sue,
919 3262 951 3320 et
967 3259 1222 3342 recuperationis
1234 3258 1374 3324 civitatis
1393 3281 1504 3324 eornm

374 3362 520 3429 faveatis.

481 3470 532 3536 De
550 3469 680 3537 Comite
696 3481 805 3539 autem
821 3475 846 3540 J
848 3495 963 3557 caune,
988 3475 1150 3559 quomodo
1176 3475 1277 3542 irater
1303 3481 1361 3554 est,
1377 3483 1411 3540 et
1428 3498 1506 3560 que·

372 3601 498 3663 cunque
514 3581 583 3662 ipse
600 3586 723 3664 ageret,
739 3581 874 3648 honesta
893 3582 942 3646 illi
958 3591 991 3648 ct
1007 3581 1246 3666 supportabilia
1253 3581 1506 3666 judicabuntur:

374 3691 516 3754 contenti
534 3711 652 3772 sumus,
668 3699 705 3756 ut
721 3713 792 3756 oum
817 3692 946 3775 galeata
966 3697 998 3755 et
1022 3689 1110 3756 t'usta
1126 3698 1158 3755 et
1175 3713 1247 3755 cum
1273 3689 1421 3774 bacchis,
1436 3714 1514 3776 gen-

373 3799 470 3876 tibus,
485 3796 718 3864 munitionibus
742 3809 774 3863 et
801 3799 874 3864 aliis
900 3798 1146 3882 quibuscunque
1172 3797 1294 3864 uiribus
1320 3806 1353 3864 et
1377 3801 1508 3883 ingenio

373 3904 534 3972 fratribus
562 3905 628 3970 suis
656 3907 772 3985 faveat,
797 3913 828 3970 et
855 3915 1030 3987 succurrat,
1063 3915 1100 3973 ut
1131 3906 1294 3972 civitatem
1325 3908 1511 3990 predictam

372 4016 504 4081 ualeant
520 4033 723 4095 recuperare,
748 4016 883 4099 ejusque
908 4016 950 4082 ad
967 4037 1025 4080 nos
1041 4016 1215 4081 adventum
1231 4016 1396 4098 tantisper
1422 4015 1512 4082 diffe-

375 4131 436 4208 rat,
447 4123 549 4190 donec
565 4143 616 4188 res
632 4124 705 4206 ipsa
721 4122 821 4189 fuerit
833 4125 1027 4204 terminata3
1055 4125 1165 4207 sicque
1181 4129 1290 4189 nostre
1316 4125 1510 4190 intentionis

375 4254 445 4299 esse
462 4231 533 4312 sibi,
560 4230 735 4298 declarate.
752 4231 823 4298 Nos
839 4242 949 4299 autem
975 4257 1027 4298 res
1043 4233 1117 4298 illas
1134 4235 1281 4317 privatas
1298 4233 1427 4299 interim
1444 4255 1513 4299 sus-

375 4363 493 4424 pensas
509 4341 699 4405 tenebimus.

475 4448 692 4532 Supracomiti
718 4457 827 4516 autem
859 4451 950 4531 galee
981 4458 1089 4515 nostre
1125 4450 1247 4533 jubete,
1273 4459 1308 4515 ut
1343 4451 1404 4517 sub
1437 4473 1512 4534 pre-

378 4561 479 4637 textu,
495 4555 584 4638 quod
600 4557 668 4620 illic
686 4559 727 4622 sit
745 4580 802 4640 pro
814 4557 1027 4624 defendendis
1043 4558 1184 4624 subditis
1194 4559 1315 4624 nostris
1325 4559 1367 4624 ab
1378 4580 1511 4643 oppres·
