3356 5266
683 771 733 831 56.

144 938 240 1000 1468.
258 934 287 998 A
301 935 450 998 oelmtczei
464 932 681 996 dddanrtundcs
700 940 770 994 ntes
782 931 1051 1016 radnoriassdpddl
1061 932 1130 997 olto
1137 919 1278 1000 oddone

457 1066 478 1106 a
494 1061 634 1126 stuppas·
649 1039 763 1124 kirtly
778 1038 967 1103 kdveteiaelc.
1026 1061 1030 1068 ·

141 1198 473 1269 MOOCOLXVIH.
490 1201 542 1266 die
558 1197 642 1265 XII.
659 1196 820 1282 danuarij.

251 1307 348 1394 Quod
365 1308 561 1377 Oratoribus
582 1306 787 1377 Serenissimi
814 1303 948 1372 Domini
972 1308 1074 1392 Regis
1093 1311 1274 1395 Hungaris,

141 1416 387 1500 respondeatur.

142 1523 314 1607 Sapientes
325 1521 460 1610 Consilij
479 1522 527 1590 et'
620 1522 752 1588 Vidisse
783 1545 843 1588 uos
877 1523 1147 1606 Magnificencias
1188 1525 1273 1591 Suas

230 1657 245 1692 s
324 1640 346 1697 t.
363 1631 384 1696 s.
575 1631 677 1698 alacri
694 1631 811 1712 animo,
837 1638 869 1696 et
893 1637 1043 1714 respectu
1067 1631 1274 1699 Serenissimi

139 1725 278 1806 Domini
293 1725 551 1827 regissqni—illos
567 1741 656 1806 misit
671 1748 704 1805 et
720 1746 870 1823 respectu
893 1759 1106 1822 personarum
1132 1764 1274 1816 suarum,

140 1870 281 1932 quorum
299 1849 436 1933 utrique,
452 1848 655 1933 exigentibus
672 1847 888 1932 dignitatibus
904 1849 970 1911 suis
995 1869 1189 1932 magnopere
1205 1850 1275 1916 affi-

140 1958 255 2022 cimur.
293 1957 496 2024 Intellexisse
527 1965 676 2042 preterea
716 1978 847 2022 ceturam
880 1957 1055 2040 legationis
1098 1981 1210 2025 corurn
1242 1969 1276 2026 ot

139 2063 262 2132 uidisse
278 2065 415 2130 formam
439 2065 531 2132 illam
556 2065 785 2149 Capitulomm
810 2065 1029 2150 intelligentie
1054 2067 1274 2134 contrahendo

141 2195 216 2238 cum
233 2173 446 2240 Serenissimo
462 2173 553 2258 Rege
568 2173 787 2254 Ferdinando,
797 2174 830 2237 in
846 2195 910 2257 qua
920 2171 1008 2238 facta
1024 2181 1074 2240 cst
1092 2175 1151 2241 illa
1174 2196 1276 2240 reser-

140 2284 243 2364 vatio,
259 2290 292 2346 et
309 2283 454 2366 exceptio
471 2283 566 2350 Sanc.
591 2281 769 2361 Pontificis,
789 2282 992 2348 Serenissimi
1018 2283 1153 2352 Domini
1170 2287 1276 2370 Impe-

142 2392 266 2458 ratoris
282 2397 316 2456 st
332 2393 452 2473 nostri;
469 2392 679 2475 cognovimns
695 2398 854 2476 preterea,
870 2399 1029 2475 qnantum
1045 2390 1202 2460 Oratores
1212 2395 1274 2478 ipsi

141 2499 239 2564 nobis
256 2499 418 2582 dixerunt,
435 2501 475 2566 de
492 2502 652 2566 constanti
675 2507 782 2564 mente
799 2507 830 2564 et
848 2501 1014 2583 proposito
1034 2501 1138 2584 Regis
1154 2502 1275 2587 Majes-

141 2609 223 2673 tatis
240 2631 304 2674 non
319 2608 499 2694 derogandi
516 2611 656 2694 antiqno.
681 2615 712 2673 ct
739 2617 849 2674 mutue
875 2617 985 2674 nostre
1002 2609 1218 2675 benivolentia
1244 2616 1274 2674 ct

141 2714 502 2800 confoede1·ati0ni,pro
518 2717 629 2800 aliqua
647 2739 730 2782 nora
746 2719 910 2797 amicit-ia3
934 2725 965 2782 ct
991 2718 1129 2800 demum,
1145 2715 1233 2806 quod
1249 2718 1276 2782 si

142 2825 239 2894 nobis
255 2826 379 2909 aliquid
395 2827 591 2907 addendum,
609 2827 802 2890 mutandum
820 2825 868 2890 vel
886 2826 1129 2892 reformandum
1155 2825 1276 2892 ridere-

141 2943 216 3000 tur:
233 2935 267 2998 id
283 2935 462 3000 laceremus
480 2941 512 2999 et
528 2941 587 2999 ect.
598 2933 654 2998 Ad
671 2957 733 3017 qne
751 2938 860 2999 omnia
876 2935 1119 3017 respondentes
1132 2933 1276 3016 dicimus,

143 3043 255 3108 omnia
287 3045 358 3126 ipsa
384 3043 476 3108 nobis
501 3045 688 3128 gratissima
715 3051 747 3109 et
771 3043 1005 3127 jucundissima
1029 3045 1137 3125 fuisse,
1161 3049 1277 3127 utpote

142 3150 243 3233 plena
260 3152 363 3235 Regis
382 3151 595 3216 benivolentia
612 3159 642 3215 ct
661 3153 782 3216 amoris
799 3173 878 3234 erga
896 3173 964 3232 nos,
980 3159 1013 3216 et
1031 3159 1188 3234 quantum
1203 3173 1276 3232 pos-

142 3258 256 3338 simus,
273 3258 374 3340 Regis
391 3257 593 3323 Sublimitati
609 3260 829 3342 regratiamur
845 3265 878 3322 et
893 3280 953 3342 pro
980 3258 1122 3324 humana
1149 3266 1183 3325 et
1197 3259 1277 3325 libe·

141 3366 209 3429 rali
226 3365 392 3431 nobiseum
409 3368 665 3432 comunicatione
681 3367 778 3449 sacta,
804 3372 836 3430 et
861 3387 921 3450 pro
946 3368 1072 3432 inserta
1094 3368 1152 3433 illa
1168 3366 1276 3434 condi·

141 3475 243 3555 tione,
260 3482 292 3540 et
307 3477 504 3559 exceptione,
520 3485 553 3541 et
569 3499 627 3560 pro
643 3477 751 3558 Regia
774 3483 879 3541 mente
896 3483 928 3541 et
944 3476 1155 3560 dispositione
1171 3499 1277 3560 perse·

142 3585 279 3650 vorandi
298 3585 464 3651 nobiscum
480 3586 513 3649 in
530 3583 747 3650 benivolentia
763 3591 796 3650 ct
812 3585 1105 3667 confoederatione,
1122 3608 1183 3668 que
1199 3585 1278 3650 utri·

143 3713 210 3775 que
227 3700 372 3758 nostrum
389 3715 540 3776 magnam
558 3691 655 3757 affert
681 3695 928 3776 reputationem,
955 3701 985 3756 et
1004 3693 1277 3760 mimmoditstem.

142 3797 282 3865 Gratias
299 3806 450 3882 preterea
466 3801 593 3882 agimus
609 3799 713 3884 Regis
734 3801 929 3869 Uelsitndini
958 3824 1017 3885 pro
1044 3803 1280 3882 humanissima

143 3909 318 3988 oblatione,
335 3915 370 3974 ut
387 3907 545 3974 addamus
562 3917 593 3974 et
612 3913 814 3993 corrigamus
831 3919 864 3976 et
881 3917 940 3976 cet.

252 4019 297 4084 Et
312 4017 448 4082 dicimus
464 4041 528 4084 non
544 4018 644 4084 rideri
662 4020 755 4085 nobis
773 4021 990 4087 necessarium
1007 4021 1131 4104 aliquid
1157 4019 1277 4085 addere

142 4128 195 4192 vel
212 4133 347 4206 mutare,
364 4127 524 4209 quomodo
542 4133 700 4210 quantum
728 4131 944 4194 necessarium
971 4137 1050 4210 erat,
1075 4130 1116 4193 ad
1143 4148 1277 4193 commo-

144 4236 223 4301 dum
242 4235 325 4318 Lige
350 4240 382 4298 et
407 4234 698 4300 confoederationis
725 4245 836 4300 nostre
861 4235 1098 4318 sapientissime
1123 4235 1165 4300 ab
1190 4234 1277 4298 illius

142 4343 326 4426 Majcstate
351 4343 590 4408 consideratum
616 4367 684 4408 esse
711 4343 1015 4423 animadvertirnns3
1040 4351 1073 4407 et
1099 4339 1279 4418 sic'certis-

144 4453 218 4516 simi
235 4451 404 4517 reddimur
419 4451 632 4534 Majestatem
650 4453 752 4536 ipsam
771 4475 843 4516 cnm
860 4451 977 4517 effectu
996 4472 1067 4516 esse
1093 4469 1277 4534 persevera·

143 4569 250 4626 tnram
268 4569 301 4626 et
323 4561 589 4642 Magnificam-ias
615 4563 758 4646 ipsorrnn
785 4565 962 4629 tlratornrn
988 4559 1094 4643 Regia
1121 4561 1275 4627 mandata
