3340 5260
421 361 485 424 1⁷2
770 379 1004 438 oresonaoarur
1020 367 1189 424 aurnuns.

416 537 450 604 al
466 538 565 621 quale
581 539 613 604 lo
628 537 680 603 Re
696 537 736 604 de
754 540 926 622 Ungheria
941 542 998 623 piu
1014 562 1079 604 non
1095 540 1138 604 da
1152 540 1275 624 adjuto,
1292 560 1356 605 uno
1372 559 1409 604 se
1419 539 1547 622 stringo
1651 521 1652 536 ¹

413 646 519 712 molto
534 646 619 712 sorte
635 647 668 711 la
683 647 932 712 confirmazioue
949 648 1002 711 del
1017 647 1156 712 accordo
1181 647 1269 711 facto
1294 669 1315 710 a
1339 647 1470 712 Vienna
1496 655 1548 713 tra

417 755 450 819 lo
477 754 566 820 dicto
592 755 643 819 Re
670 777 688 819 e
712 755 844 838 prefata
869 755 1011 837 Maesta,
1026 776 1043 818 e
1059 777 1093 819 se
1109 759 1192 834 tene,
1209 754 1268 818 che
1284 755 1327 818 ad
1343 756 1432 819 omni
1448 756 1546 821 modo

417 863 540 930 havera
556 865 634 929 loco.
652 862 776 947 Questo
794 864 989 946 Venetiono,
1005 865 1065 929 che
1081 887 1098 928 e
1115 887 1180 948 qua
1198 863 1266 947 (stb
1290 913 1450 930 .....
1459 865 1473 948 )
1490 865 1543 930 Ex
1651 911 1652 914 κ

418 971 570 1037 Saniaiet
586 973 638 1037 die
655 973 719 1038 XI.
739 973 864 1058 Aprilis
891 978 983 1040 1470.

524 1078 571 1144 Al
587 1079 682 1145 Duca
697 1079 730 1144 di
747 1080 882 1146 Milano.
1060 1078 1287 1148 christoforus
1303 1077 1343 1142 de
1360 1077 1503 1146 Bollate.

526 1209 654 1268 (Miranti
667 1210 827 1272 sllamltatr.)

948 1627 1019 1688 118.
1072 1691 1074 1696 ,

420 1808 513 1870 1470.
531 1809 559 1870 Α
577 1806 733 1870 velenczei
750 1807 968 1869 cillonrtomtes
987 1805 1097 1869 Ecetrae
1121 1805 1226 1870 Jdaoa
1240 1805 1342 1870 docete
1367 1805 1451 1869 total
1477 1806 1548 1868 ke'ri
1651 1825 1652 1870 ὲ

417 1916 548 2002 Mdtycts
573 1916 710 2001 kirdlyt,
736 1915 816 2001 kopp
849 1915 995 2000 Mapyor·
1021 1916 1145 1979 Boldzs
1170 1915 1366 2000 kapirctnpat
1383 1939 1405 1978 o
1432 1915 1550 1998 Siquo-

525 2023 638 2086 ridboz
654 2027 777 2088 tortozo'
793 2021 964 2087 Aarooioi
980 2023 1090 2087 teritlet
1107 2023 1286 2087 drrlcisaitdl
1303 2022 1434 2086 eltiltso.

416 2217 779 2286 MCOOOLXVHHI.
797 2219 849 2283 dic
866 2218 984 2286 XVII.
1001 2217 1137 2302 Aprilis,

524 2327 585 2395 Ser
608 2327 732 2394 Joanoi
759 2325 867 2409 Aimo,
894 2328 997 2406 militi,
1025 2327 1158 2393 Oratori
1186 2333 1294 2392 nostro
1311 2329 1344 2391 in
1361 2327 1547 2409 Hungaria.
1650 2329 1652 2346 ¹

524 2433 691 2502 (teniores
707 2437 786 2501 sacti
800 2457 909 2500 sumus
926 2435 1047 2501 litteris
1065 2435 1245 2500 Rectorum
1261 2441 1451 2501 nostrorum
1468 2435 1547 2501 Dal·

416 2547 516 2611 matio
532 2543 642 2610 Maior
657 2543 842 2628 Blasium*)
853 2542 1067 2627 Capitaneum
1080 2544 1176 2609 istius
1187 2543 1395 2609 Serenissimi
1406 2543 1543 2610 Domini

416 2653 518 2738 Regis
533 2653 690 2736 proximis
700 2651 814 2716 diebus
840 2652 1057 2734 depopulassc
1086 2651 1228 2735 quinque
1254 2651 1347 2716 villas
1373 2651 1543 2718 districtus

417 2769 451 2828 et
466 2763 622 2846 territorij
640 2761 705 2826 loci
722 2761 824 2826 nostri
844 2759 980 2826 Aurane
997 2767 1096 2844 atque
1114 2759 1269 2826 adversus
1296 2759 1445 2825 subditos
1473 2783 1545 2826 nos·

416 2877 486 2936 tros
512 2891 664 2951 magnam
690 2869 837 2934 sevitiam
864 2869 1052 2934 exercuisse.
1088 2867 1309 2952 Quamobrem
1336 2867 1485 2932 volumus
1515 2873 1548 2932 et

416 2976 608 3045 mandamus
625 2976 716 3040 vobis
733 2999 806 3042 cum
822 2985 934 3042 nostro
952 2976 1097 3042 Consilio
1114 2978 1328 3059 Rogatorum,
1356 2982 1391 3040 ut
1407 2997 1479 3041 esse
1496 2976 1549 3042 de·

416 3087 521 3153 beatis
547 3085 590 3151 ad
618 3086 818 3169 presentiam
844 3084 908 3150 Sue
935 3085 1130 3168 Majestatis‚
1156 3083 1265 3148 dando
1283 3084 1311 3148 ei
1328 3085 1485 3149 noticiam
1504 3084 1544 3149 de

416 3195 570 3281 presenti,
596 3193 700 3277 deque
725 3195 891 3278 preteritis
924 3194 1087 3277 uiolentijs
1113 3201 1146 3257 et
1173 3192 1483 3276 depopulationibus
1516 3198 1549 3257 et
1651 3199 1652 3206 ’

417 3303 666 3370 crudelitatibus
679 3302 773 3368 factis
790 3324 848 3385 per
864 3301 1047 3384 predictum
1064 3299 1280 3384 Capitoneum
1298 3306 1331 3364 et
1347 3301 1430 3366 alios
1446 3299 1547 3366 bomi-

417 3435 474 3479 nes
491 3412 555 3479 Suo
572 3411 771 3494 serenitatis,
788 3409 936 3475 subditis
946 3417 979 3474 ot
994 3411 1075 3475 locis
1101 3410 1230 3491 nostris,
1256 3409 1296 3474 de
1320 3410 1438 3492 quibus
1464 3431 1547 3474 sum·

417 3544 504 3587 marn
519 3521 769 3586 admirationem
787 3525 819 3582 et
836 3519 1017 3582 molestiam
1035 3519 1190 3600 capimus
1206 3541 1279 3582 cum
1304 3519 1476 3602 presertim
1502 3519 1548 3582 in·

417 3630 605 3714 telligamus
622 3649 680 3692 nos
697 3628 732 3691 in
749 3626 835 3691 bona
851 3648 940 3709 pace,
957 3626 1033 3709 liga,
1052 3626 1197 3691 amicitia
1213 3633 1311 3708 atque
1322 3625 1550 3692 benevolentia

417 3760 489 3803 eum
507 3736 574 3803 Sua
590 3737 770 3820 Mujestate
787 3757 864 3814 esse,
882 3755 1019 3816 cumque
1036 3733 1158 3798 subditi
1175 3735 1225 3798 sui
1252 3755 1272 3798 a
1298 3735 1419 3798 nostris
1446 3735 1549 3800 amice

418 3851 452 3910 et
476 3845 623 3910 benivole
648 3849 842 3924 tractentur,
875 3841 1100 3926 rogabitisque
1126 3842 1337 3926 Majestatcm
1379 3843 1489 3926 Suam,
1514 3849 1550 3907 ut

417 3953 625 4020 considerata
640 3975 731 4036 pace,
747 3953 822 4034 liga,
849 3951 993 4016 amicitia
1021 3958 1121 4034 atque
1147 3951 1383 4032 benevolentia,
1409 3972 1474 4034 que
1499 3958 1551 4016 est
1650 3959 1652 4020 t

417 4064 503 4128 inter
520 4061 738 4129 Serenitatcm
755 4059 855 4127 Suam
872 4065 905 4123 ct
923 4081 991 4141 noo,
1008 4057 1074 4123 tale
1091 4059 1282 4124 mandatum
1307 4059 1435 4142 prefato
1453 4058 1552 4142 Capi-

417 4177 513 4238 toneo
530 4171 637 4236 iacere
654 4169 793 4253 placeat,
811 4173 848 4232 ut
865 4174 938 4250 post
953 4167 1015 4231 trac
1032 4189 1067 4231 re
1084 4167 1156 4248 ipsa
1182 4167 1312 4232 desinat
1338 4166 1493 4231 infestum
1519 4173 1551 4232 et

1646 4063 1652 4270 t

418 4279 686 4346 contumeliosum
712 4299 782 4343 esse
807 4277 886 4342 locis
912 4282 945 4340 et
971 4275 1109 4342 subditis
1133 4277 1262 4357 nostrie,
1280 4276 1424 4358 quinimo
1441 4296 1549 4340 secum
1651 4325 1652 4336 ,

416 4388 518 4456 amice
534 4395 568 4453 et
583 4393 700 4471 pacate
718 4385 812 4468 vivat,
830 4383 1100 4468 quemadmodum
1118 4387 1220 4450 nostri
1240 4405 1349 4449 secum
1365 4383 1506 4466 faciunt,
1516 4389 1551 4449 et

527 4568 553 4639 *J
572 4570 689 4638 Magyar
701 4567 806 4619 Balazs.
