<?xml version="1.0" encoding="UTF-8"?>
<!DOCTYPE html PUBLIC "-//W3C//DTD XHTML 1.0 Transitional//EN"
    "http://www.w3.org/TR/xhtml1/DTD/xhtml1-transitional.dtd">
<html xmlns="http://www.w3.org/1999/xhtml" xml:lang="en" lang="en">
 <head>
  <title>
</title>
<meta http-equiv="Content-Type" content="text/html;charset=utf-8" />
  <meta name='ocr-system' content='tesseract 3.04.00' />
  <meta name='ocr-capabilities' content='ocr_page ocr_carea ocr_par ocr_line ocrx_word'/>
</head>
<body>
  <div class='ocr_page' id='page_1' title='image "./magyardiplomacz00mattgoog_0170.png"; bbox 0 0 3356 5266; ppageno 0'>
   <div class='ocr_carea' id='block_1_1' title="bbox 653 257 1305 367">
    <p class='ocr_par' dir='ltr' id='par_1_1' title="bbox 653 257 1305 367">
     <span class='ocr_line' id='line_1_1' title="bbox 653 257 1305 367; baseline 0.003 -3"><span class='ocrx_word' id='word_1_1' title='bbox 653 303 747 364; x_wconf 83' lang='lat'><strong>1469.</strong></span> <span class='ocrx_word' id='word_1_2' title='bbox 1167 277 1259 367; x_wconf 63' lang='lat'><strong>&#39;133</strong></span> <span class='ocrx_word' id='word_1_3' title='bbox 1293 257 1305 288; x_wconf 61' lang='lat'>⁴</span> 
     </span>
    </p>
   </div>
   <div class='ocr_carea' id='block_1_2' title="bbox 127 451 1345 784">
    <p class='ocr_par' dir='ltr' id='par_1_2' title="bbox 127 451 1345 784">
     <span class='ocr_line' id='line_1_2' title="bbox 127 451 1257 566; baseline -0.002 -16"><span class='ocrx_word' id='word_1_4' title='bbox 127 481 382 566; x_wconf 80' lang='lat' dir='ltr'>Megmfieenoie</span> <span class='ocrx_word' id='word_1_5' title='bbox 397 482 463 550; x_wconf 83' lang='lat' dir='ltr'>Sue</span> <span class='ocrx_word' id='word_1_6' title='bbox 488 483 529 549; x_wconf 87' lang='lat' dir='ltr'>de</span> <span class='ocrx_word' id='word_1_7' title='bbox 545 479 620 547; x_wconf 91' lang='lat' dir='ltr'>aliis</span> <span class='ocrx_word' id='word_1_8' title='bbox 645 451 757 566; x_wconf 84' lang='lat' dir='ltr'>eopijs</span> <span class='ocrx_word' id='word_1_9' title='bbox 773 481 904 566; x_wconf 86' lang='lat' dir='ltr'>nostris,</span> <span class='ocrx_word' id='word_1_10' title='bbox 919 502 1047 564; x_wconf 82' lang='lat' dir='ltr'>semper</span> <span class='ocrx_word' id='word_1_11' title='bbox 1072 481 1114 546; x_wconf 84' lang='lat' dir='ltr'>ed</span> <span class='ocrx_word' id='word_1_12' title='bbox 1131 503 1257 548; x_wconf 89' lang='lat' dir='ltr'>omnem</span> 
     </span>
     <span class='ocr_line' id='line_1_3' title="bbox 128 589 1345 690; baseline -0.005 -32"><span class='ocrx_word' id='word_1_13' title='bbox 128 592 360 659; x_wconf 81' lang='lat' dir='ltr'>necessitatem</span> <span class='ocrx_word' id='word_1_14' title='bbox 375 597 409 656; x_wconf 89' lang='lat' dir='ltr'>et</span> <span class='ocrx_word' id='word_1_15' title='bbox 423 589 629 656; x_wconf 76' lang='lat' dir='ltr'><strong>securitatem</strong></span> <span class='ocrx_word' id='word_1_16' title='bbox 645 594 751 656; x_wconf 84' lang='lat' dir='ltr'>status</span> <span class='ocrx_word' id='word_1_17' title='bbox 767 592 818 654; x_wconf 91' lang='lat' dir='ltr'>sni</span> <span class='ocrx_word' id='word_1_18' title='bbox 834 593 945 672; x_wconf 90' lang='lat' dir='ltr'>presto</span> <span class='ocrx_word' id='word_1_19' title='bbox 969 595 1073 654; x_wconf 88' lang='lat' dir='ltr'>erunt.</span> <span class='ocrx_word' id='word_1_20' title='bbox 1341 685 1345 690; x_wconf 20' lang='lat'>⁸</span> 
     </span>
     <span class='ocr_line' id='line_1_4' title="bbox 236 697 1326 784; baseline -0.004 -16"><span class='ocrx_word' id='word_1_21' title='bbox 236 702 281 768; x_wconf 78' lang='lat' dir='ltr'>Et</span> <span class='ocrx_word' id='word_1_22' title='bbox 296 700 346 765; x_wconf 86' lang='lat' dir='ltr'>ita</span> <span class='ocrx_word' id='word_1_23' title='bbox 361 705 493 782; x_wconf 78' lang='lat' dir='ltr'>captum</span> <span class='ocrx_word' id='word_1_24' title='bbox 509 697 560 779; x_wconf 85' lang='lat' dir='ltr'>sit,</span> <span class='ocrx_word' id='word_1_25' title='bbox 577 703 613 762; x_wconf 85' lang='lat' dir='ltr'>ut</span> <span class='ocrx_word' id='word_1_26' title='bbox 623 697 702 763; x_wconf 90' lang='lat' dir='ltr'>dieti</span> <span class='ocrx_word' id='word_1_27' title='bbox 718 697 844 782; x_wconf 86' lang='lat' dir='ltr'>pedites</span> <span class='ocrx_word' id='word_1_28' title='bbox 860 702 1001 781; x_wconf 85' lang='lat' dir='ltr'>eentum,</span> <span class='ocrx_word' id='word_1_29' title='bbox 1011 699 1183 764; x_wconf 86' lang='lat' dir='ltr'>mittantur</span> <span class='ocrx_word' id='word_1_30' title='bbox 1200 721 1259 784; x_wconf 90' lang='lat' dir='ltr'>per</span> <span class='ocrx_word' id='word_1_31' title='bbox 1323 739 1326 744; x_wconf 95' lang='lat'>-</span> 
     </span>
    </p>
   </div>
   <div class='ocr_carea' id='block_1_3' title="bbox 125 805 1090 1004">
    <p class='ocr_par' dir='ltr' id='par_1_3' title="bbox 125 805 1090 1004">
     <span class='ocr_line' id='line_1_5' title="bbox 125 805 1090 894; baseline -0.005 -18"><span class='ocrx_word' id='word_1_32' title='bbox 125 809 313 894; x_wconf 80' lang='lat' dir='ltr'>Collegium</span> <span class='ocrx_word' id='word_1_33' title='bbox 329 808 390 874; x_wconf 91' lang='lat' dir='ltr'>sub</span> <span class='ocrx_word' id='word_1_34' title='bbox 406 807 473 875; x_wconf 93' lang='lat' dir='ltr'>illis</span> <span class='ocrx_word' id='word_1_35' title='bbox 489 806 766 890; x_wconf 82' lang='lat' dir='ltr'>comestabilibus,</span> <span class='ocrx_word' id='word_1_36' title='bbox 782 807 838 890; x_wconf 91' lang='lat' dir='ltr'>qui</span> <span class='ocrx_word' id='word_1_37' title='bbox 854 806 901 873; x_wconf 90' lang='lat' dir='ltr'>eis</span> <span class='ocrx_word' id='word_1_38' title='bbox 918 805 1090 873; x_wconf 84' lang='lat' dir='ltr'>videbitur.</span> 
     </span>
     <span class='ocr_line' id='line_1_6' title="bbox 236 917 715 1004; baseline -0.006 -21"><span class='ocrx_word' id='word_1_39' title='bbox 236 917 278 1004; x_wconf 56' lang='grc' dir='ltr'>ΔΓ</span> <span class='ocrx_word' id='word_1_40' title='bbox 327 918 392 983; x_wconf 86' lang='lat'>140</span> <span class='ocrx_word' id='word_1_41' title='bbox 438 953 480 964; x_wconf 90' lang='lat'><em>-</em></span> <span class='ocrx_word' id='word_1_42' title='bbox 529 919 548 980; x_wconf 83' lang='lat' dir='ltr'>e</span> <span class='ocrx_word' id='word_1_43' title='bbox 594 951 639 964; x_wconf 91' lang='lat'>-</span> <span class='ocrx_word' id='word_1_44' title='bbox 686 920 715 981; x_wconf 83' lang='lat' dir='ltr'>a.</span> 
     </span>
    </p>
   </div>
   <div class='ocr_carea' id='block_1_4' title="bbox 235 1037 683 1144">
    <p class='ocr_par' dir='ltr' id='par_1_4' title="bbox 235 1037 683 1144">
     <span class='ocr_line' id='line_1_7' title="bbox 235 1037 683 1144; baseline -0.011 -10"><span class='ocrx_word' id='word_1_45' title='bbox 235 1081 391 1144; x_wconf 72' lang='lat' dir='ltr'>mennaei</span> <span class='ocrx_word' id='word_1_46' title='bbox 404 1080 583 1144; x_wconf 73' lang='lat' dir='ltr'>sinmionyv</span> <span class='ocrx_word' id='word_1_47' title='bbox 596 1037 639 1130; x_wconf 73' lang='lat' dir='ltr'>eu.</span> <span class='ocrx_word' id='word_1_48' title='bbox 652 1079 683 1140; x_wconf 82' lang='grc' dir='ltr'>ι.)</span> 
     </span>
    </p>
   </div>
   <div class='ocr_carea' id='block_1_5' title="bbox 612 1298 771 1308">
    <p class='ocr_par' dir='ltr' id='par_1_5' title="bbox 612 1298 771 1308">
     <span class='ocr_line' id='line_1_8' title="bbox 612 1298 771 1308; baseline 0 -2"><span class='ocrx_word' id='word_1_49' title='bbox 612 1298 771 1308; x_wconf 79' lang='lat'><em>———.-</em></span> 
     </span>
    </p>
   </div>
   <div class='ocr_carea' id='block_1_6' title="bbox 666 1552 718 1612">
    <p class='ocr_par' dir='ltr' id='par_1_6' title="bbox 666 1552 718 1612">
     <span class='ocr_line' id='line_1_9' title="bbox 666 1552 718 1612; baseline -0.038 0"><span class='ocrx_word' id='word_1_50' title='bbox 666 1552 718 1612; x_wconf 88' lang='grc'>86.</span> 
     </span>
    </p>
   </div>
   <div class='ocr_carea' id='block_1_7' title="bbox 125 1729 1256 1927">
    <p class='ocr_par' dir='ltr' id='par_1_7' title="bbox 125 1729 1256 1927">
     <span class='ocr_line' id='line_1_10' title="bbox 125 1729 1256 1816; baseline -0.004 -20"><span class='ocrx_word' id='word_1_51' title='bbox 125 1733 225 1798; x_wconf 81' lang='grc'><strong><em>1460.</em></strong></span> <span class='ocrx_word' id='word_1_52' title='bbox 253 1731 284 1798; x_wconf 86' lang='grc' dir='ltr'><em>Α</em></span> <span class='ocrx_word' id='word_1_53' title='bbox 309 1732 463 1797; x_wconf 76' lang='lat' dir='ltr'>veleneaei</span> <span class='ocrx_word' id='word_1_54' title='bbox 487 1731 706 1797; x_wconf 71' lang='lat' dir='ltr'>dilamtaodos</span> <span class='ocrx_word' id='word_1_55' title='bbox 732 1729 845 1796; x_wconf 78' lang='lat' dir='ltr'>David</span> <span class='ocrx_word' id='word_1_56' title='bbox 872 1729 978 1796; x_wconf 68' lang='lat' dir='ltr'>zeidot</span> <span class='ocrx_word' id='word_1_57' title='bbox 993 1729 1152 1816; x_wconf 72' lang='lat' dir='ltr'>meqbizza</span> <span class='ocrx_word' id='word_1_58' title='bbox 1169 1729 1256 1795; x_wconf 82' lang='lat' dir='ltr'>Koe-</span> 
     </span>
     <span class='ocr_line' id='line_1_11' title="bbox 208 1838 1173 1927; baseline -0.007 -20"><span class='ocrx_word' id='word_1_59' title='bbox 208 1839 496 1927; x_wconf 73' lang='lat' dir='ltr'>stantindpolyban</span> <span class='ocrx_word' id='word_1_60' title='bbox 511 1865 532 1904; x_wconf 90' lang='lat' dir='ltr'><em>a</em></span> <span class='ocrx_word' id='word_1_61' title='bbox 548 1839 621 1904; x_wconf 82' lang='lat' dir='ltr'>be&#39;ke</span> <span class='ocrx_word' id='word_1_62' title='bbox 637 1840 746 1905; x_wconf 66' lang='lat' dir='ltr'>inimi</span> <span class='ocrx_word' id='word_1_63' title='bbox 770 1840 897 1925; x_wconf 84' lang='lat' dir='ltr'>bajlam</span> <span class='ocrx_word' id='word_1_64' title='bbox 913 1838 1173 1904; x_wconf 73' lang='lat' dir='ltr'>kike&#39;mlele&#39;etvel.</span> 
     </span>
    </p>
   </div>
   <div class='ocr_carea' id='block_1_8' title="bbox 125 1979 765 2122">
    <p class='ocr_par' dir='ltr' id='par_1_8' title="bbox 125 1979 765 2122">
     <span class='ocr_line' id='line_1_12' title="bbox 125 1979 765 2122; baseline -0.009 -18"><span class='ocrx_word' id='word_1_65' title='bbox 125 1979 471 2106; x_wconf 71' lang='lat' dir='ltr'>moooonxinn.</span> <span class='ocrx_word' id='word_1_66' title='bbox 488 2035 540 2102; x_wconf 74' lang='lat' dir='ltr'>ne</span> <span class='ocrx_word' id='word_1_67' title='bbox 555 2033 655 2105; x_wconf 81' lang='lat' dir='ltr'>xvi.</span> <span class='ocrx_word' id='word_1_68' title='bbox 670 2032 765 2122; x_wconf 75' lang='lat' dir='ltr'>Junj.</span> 
     </span>
    </p>
   </div>
   <div class='ocr_carea' id='block_1_9' title="bbox 122 2160 1256 2356">
    <p class='ocr_par' dir='ltr' id='par_1_9' title="bbox 122 2160 1256 2356">
     <span class='ocr_line' id='line_1_13' title="bbox 234 2160 1256 2257; baseline 0 -28"><span class='ocrx_word' id='word_1_69' title='bbox 234 2164 342 2230; x_wconf 79' lang='lat' dir='ltr'>David</span> <span class='ocrx_word' id='word_1_70' title='bbox 361 2162 482 2230; x_wconf 91' lang='lat' dir='ltr'>hebreo</span> <span class='ocrx_word' id='word_1_71' title='bbox 499 2165 525 2228; x_wconf 88' lang='lat' dir='ltr'>si</span> <span class='ocrx_word' id='word_1_72' title='bbox 542 2163 688 2248; x_wconf 87' lang='lat' dir='ltr'>spedisee</span> <span class='ocrx_word' id='word_1_73' title='bbox 704 2164 737 2228; x_wconf 91' lang='lat' dir='ltr'>in</span> <span class='ocrx_word' id='word_1_74' title='bbox 754 2160 1041 2246; x_wconf 78' lang='lat' dir='ltr'>Constantinopoli</span> <span class='ocrx_word' id='word_1_75' title='bbox 1071 2183 1129 2246; x_wconf 90' lang='lat' dir='ltr'>per</span> <span class='ocrx_word' id='word_1_76' title='bbox 1144 2167 1256 2257; x_wconf 77' lang='lat' dir='ltr'>tenter</span> 
     </span>
     <span class='ocr_line' id='line_1_14' title="bbox 122 2272 428 2356; baseline 0 -17"><span class='ocrx_word' id='word_1_77' title='bbox 122 2294 203 2356; x_wconf 86' lang='lat' dir='ltr'>paee</span> <span class='ocrx_word' id='word_1_78' title='bbox 220 2293 294 2338; x_wconf 88' lang='lat' dir='ltr'>eum</span> <span class='ocrx_word' id='word_1_79' title='bbox 311 2272 428 2339; x_wconf 74' lang='lat' dir='ltr'>Tereo.</span> 
     </span>
    </p>
   </div>
   <div class='ocr_carea' id='block_1_10' title="bbox 234 2431 682 2502">
    <p class='ocr_par' dir='ltr' id='par_1_10' title="bbox 234 2431 682 2502">
     <span class='ocr_line' id='line_1_15' title="bbox 234 2431 682 2502; baseline 0 -15"><span class='ocrx_word' id='word_1_80' title='bbox 234 2431 394 2499; x_wconf 83' lang='lat' dir='ltr'>(Velenozei</span> <span class='ocrx_word' id='word_1_81' title='bbox 411 2435 592 2502; x_wconf 71' lang='lat' dir='ltr'>allamkbnyv</span> <span class='ocrx_word' id='word_1_82' title='bbox 605 2439 638 2488; x_wconf 77' lang='grc'>36</span> <span class='ocrx_word' id='word_1_83' title='bbox 652 2438 682 2498; x_wconf 93' lang='lat' dir='ltr'>l.)</span> 
     </span>
    </p>
   </div>
   <div class='ocr_carea' id='block_1_11' title="bbox 663 2928 715 2990">
    <p class='ocr_par' dir='ltr' id='par_1_11' title="bbox 663 2928 715 2990">
     <span class='ocr_line' id='line_1_16' title="bbox 663 2928 715 2990; baseline 0.058 -3"><span class='ocrx_word' id='word_1_84' title='bbox 663 2928 715 2990; x_wconf 86' lang='grc'>87.</span> 
     </span>
    </p>
   </div>
   <div class='ocr_carea' id='block_1_12' title="bbox 122 3107 1254 3303">
    <p class='ocr_par' dir='ltr' id='par_1_12' title="bbox 122 3107 1254 3303">
     <span class='ocr_line' id='line_1_17' title="bbox 122 3107 1254 3196; baseline 0 -25"><span class='ocrx_word' id='word_1_85' title='bbox 122 3107 222 3172; x_wconf 81' lang='grc'><strong><em>1469.</em></strong></span> <span class='ocrx_word' id='word_1_86' title='bbox 232 3108 265 3172; x_wconf 84' lang='grc' dir='ltr'><strong><em>Α</em></strong></span> <span class='ocrx_word' id='word_1_87' title='bbox 275 3107 426 3174; x_wconf 80' lang='lat' dir='ltr'>velenezei</span> <span class='ocrx_word' id='word_1_88' title='bbox 435 3107 656 3174; x_wconf 74' lang='lat' dir='ltr'>dllomtendos</span> <span class='ocrx_word' id='word_1_89' title='bbox 666 3107 760 3172; x_wconf 82' lang='lat' dir='ltr'>leoele</span> <span class='ocrx_word' id='word_1_90' title='bbox 770 3133 792 3172; x_wconf 84' lang='lat' dir='ltr'><strong><em>a</em></strong></span> <span class='ocrx_word' id='word_1_91' title='bbox 809 3129 949 3196; x_wconf 72' lang='lat' dir='ltr'>maqyar</span> <span class='ocrx_word' id='word_1_92' title='bbox 964 3108 1134 3193; x_wconf 75' lang='lat' dir='ltr'>kirdlyboe</span> <span class='ocrx_word' id='word_1_93' title='bbox 1150 3133 1172 3173; x_wconf 84' lang='lat' dir='ltr'>a</span> <span class='ocrx_word' id='word_1_94' title='bbox 1183 3110 1254 3172; x_wconf 79' lang='lat' dir='ltr'>hor-</span> 
     </span>
     <span class='ocr_line' id='line_1_18' title="bbox 295 3215 1092 3303; baseline 0 -25"><span class='ocrx_word' id='word_1_95' title='bbox 295 3218 349 3280; x_wconf 80' lang='lat' dir='ltr'>vu&#39;t</span> <span class='ocrx_word' id='word_1_96' title='bbox 365 3215 428 3281; x_wconf 75' lang='lat' dir='ltr'>bon</span> <span class='ocrx_word' id='word_1_97' title='bbox 445 3215 477 3280; x_wconf 70' lang='lat' dir='ltr'>ts</span> <span class='ocrx_word' id='word_1_98' title='bbox 493 3215 698 3302; x_wconf 77' lang='lat' dir='ltr'>sebenipoiale</span> <span class='ocrx_word' id='word_1_99' title='bbox 713 3215 801 3282; x_wconf 79' lang='lat' dir='ltr'>kb&#39;zti</span> <span class='ocrx_word' id='word_1_100' title='bbox 819 3227 882 3303; x_wconf 75' lang='lat' dir='ltr'>itqy</span> <span class='ocrx_word' id='word_1_101' title='bbox 897 3217 1092 3301; x_wconf 74' lang='lat' dir='ltr'>tdrppdbon.</span> 
     </span>
    </p>
   </div>
   <div class='ocr_carea' id='block_1_13' title="bbox 4 3409 815 3498">
    <p class='ocr_par' dir='ltr' id='par_1_13' title="bbox 4 3409 815 3498">
     <span class='ocr_line' id='line_1_19' title="bbox 4 3409 815 3498; baseline 0.002 -22"><span class='ocrx_word' id='word_1_102' title='bbox 4 3473 5 3476; x_wconf 76' lang='grc'>,</span> <span class='ocrx_word' id='word_1_103' title='bbox 121 3409 475 3483; x_wconf 78' lang='lat' dir='ltr'>Meeoenxvnn.</span> <span class='ocrx_word' id='word_1_104' title='bbox 492 3412 545 3479; x_wconf 73' lang='lat' dir='ltr'>ne</span> <span class='ocrx_word' id='word_1_105' title='bbox 560 3409 702 3484; x_wconf 80' lang='lat' dir='ltr'>xviii.</span> <span class='ocrx_word' id='word_1_106' title='bbox 718 3409 815 3498; x_wconf 77' lang='lat' dir='ltr'>Junj.</span> 
     </span>
    </p>
   </div>
   <div class='ocr_carea' id='block_1_14' title="bbox 120 3535 1255 3844">
    <p class='ocr_par' dir='ltr' id='par_1_14' title="bbox 120 3535 1255 3844">
     <span class='ocr_line' id='line_1_20' title="bbox 232 3535 903 3624; baseline -0.003 -19"><span class='ocrx_word' id='word_1_107' title='bbox 232 3536 445 3605; x_wconf 72' lang='lat' dir='ltr'>serenissimo</span> <span class='ocrx_word' id='word_1_108' title='bbox 461 3535 603 3607; x_wconf 91' lang='lat' dir='ltr'>Domino</span> <span class='ocrx_word' id='word_1_109' title='bbox 619 3539 704 3624; x_wconf 81' lang='lat' dir='ltr'>Regi</span> <span class='ocrx_word' id='word_1_110' title='bbox 721 3537 903 3624; x_wconf 85' lang='lat' dir='ltr'>Hungarie.</span> 
     </span>
     <span class='ocr_line' id='line_1_21' title="bbox 229 3646 1255 3736; baseline 0 -23"><span class='ocrx_word' id='word_1_111' title='bbox 229 3647 376 3714; x_wconf 78' lang='lat' dir='ltr'>Litteras</span> <span class='ocrx_word' id='word_1_112' title='bbox 391 3646 580 3734; x_wconf 87' lang='lat' dir='ltr'>Majestatis</span> <span class='ocrx_word' id='word_1_113' title='bbox 607 3649 712 3734; x_wconf 84' lang='lat' dir='ltr'>Regia</span> <span class='ocrx_word' id='word_1_114' title='bbox 739 3649 860 3717; x_wconf 82' lang='lat' dir='ltr'>Vestro</span> <span class='ocrx_word' id='word_1_115' title='bbox 880 3649 1071 3736; x_wconf 78' lang='lat' dir='ltr'>accepimus,</span> <span class='ocrx_word' id='word_1_116' title='bbox 1096 3648 1255 3736; x_wconf 87' lang='lat' dir='ltr'>ejusmodi</span> 
     </span>
     <span class='ocr_line' id='line_1_22' title="bbox 120 3755 1255 3844; baseline 0.002 -21"><span class='ocrx_word' id='word_1_117' title='bbox 120 3763 223 3838; x_wconf 78' lang='lat' dir='ltr'>certe,</span> <span class='ocrx_word' id='word_1_118' title='bbox 238 3756 352 3842; x_wconf 84' lang='lat' dir='ltr'>quales</span> <span class='ocrx_word' id='word_1_119' title='bbox 368 3755 402 3822; x_wconf 92' lang='lat' dir='ltr'>in</span> <span class='ocrx_word' id='word_1_120' title='bbox 418 3757 660 3842; x_wconf 84' lang='lat' dir='ltr'>responsionem</span> <span class='ocrx_word' id='word_1_121' title='bbox 684 3765 869 3825; x_wconf 79' lang='lat' dir='ltr'>nostrarum</span> <span class='ocrx_word' id='word_1_122' title='bbox 886 3758 1157 3844; x_wconf 82' lang='lat' dir='ltr'>exspectabamus</span> <span class='ocrx_word' id='word_1_123' title='bbox 1181 3781 1255 3825; x_wconf 85' lang='lat' dir='ltr'>oon·</span> 
     </span>
    </p>
   </div>
   <div class='ocr_carea' id='block_1_15' title="bbox 4 3865 1255 4062">
    <p class='ocr_par' dir='ltr' id='par_1_15' title="bbox 4 3865 1255 4062">
     <span class='ocr_line' id='line_1_23' title="bbox 4 3865 1255 3952; baseline -0.002 -18"><span class='ocrx_word' id='word_1_124' title='bbox 4 3867 5 3934; x_wconf 80' lang='lat' dir='ltr'><strong>j</strong></span> <span class='ocrx_word' id='word_1_125' title='bbox 118 3865 384 3934; x_wconf 83' lang='lat' dir='ltr'>venientissimas</span> <span class='ocrx_word' id='word_1_126' title='bbox 400 3873 514 3933; x_wconf 91' lang='lat' dir='ltr'>mutuo</span> <span class='ocrx_word' id='word_1_127' title='bbox 531 3867 635 3934; x_wconf 87' lang='lat' dir='ltr'>amori</span> <span class='ocrx_word' id='word_1_128' title='bbox 651 3875 683 3934; x_wconf 85' lang='lat' dir='ltr'>et</span> <span class='ocrx_word' id='word_1_129' title='bbox 698 3867 921 3936; x_wconf 83' lang='lat' dir='ltr'>benevolentia</span> <span class='ocrx_word' id='word_1_130' title='bbox 946 3873 1067 3952; x_wconf 83' lang='lat' dir='ltr'>nostre,</span> <span class='ocrx_word' id='word_1_131' title='bbox 1083 3889 1122 3933; x_wconf 90' lang='lat' dir='ltr'>ae</span> <span class='ocrx_word' id='word_1_132' title='bbox 1147 3867 1255 3950; x_wconf 86' lang='lat' dir='ltr'>singu·</span> 
     </span>
     <span class='ocr_line' id='line_1_24' title="bbox 4 3972 1254 4062; baseline -0.002 -20"><span class='ocrx_word' id='word_1_133' title='bbox 4 4027 5 4032; x_wconf 18' lang='grc' dir='ltr'>η</span> <span class='ocrx_word' id='word_1_134' title='bbox 116 3972 182 4042; x_wconf 77' lang='lat' dir='ltr'>leri</span> <span class='ocrx_word' id='word_1_135' title='bbox 195 3973 329 4059; x_wconf 80' lang='lat' dir='ltr'>justicie</span> <span class='ocrx_word' id='word_1_136' title='bbox 344 3973 450 4059; x_wconf 85' lang='lat' dir='ltr'>Regie</span> <span class='ocrx_word' id='word_1_137' title='bbox 466 3973 654 4062; x_wconf 86' lang='lat' dir='ltr'>Majestetis</span> <span class='ocrx_word' id='word_1_138' title='bbox 670 3977 797 4058; x_wconf 86' lang='lat' dir='ltr'>Vestro,</span> <span class='ocrx_word' id='word_1_139' title='bbox 816 3975 856 4044; x_wconf 91' lang='lat' dir='ltr'>de</span> <span class='ocrx_word' id='word_1_140' title='bbox 876 3998 942 4061; x_wconf 89' lang='lat' dir='ltr'>qua</span> <span class='ocrx_word' id='word_1_141' title='bbox 958 3999 1022 4042; x_wconf 90' lang='lat' dir='ltr'>non</span> <span class='ocrx_word' id='word_1_142' title='bbox 1038 3995 1138 4058; x_wconf 84' lang='lat' dir='ltr'>secus,</span> <span class='ocrx_word' id='word_1_143' title='bbox 1153 3981 1254 4058; x_wconf 88' lang='lat' dir='ltr'>atque</span> 
     </span>
    </p>
   </div>
   <div class='ocr_carea' id='block_1_16' title="bbox 117 4081 1253 4170">
    <p class='ocr_par' dir='ltr' id='par_1_16' title="bbox 117 4081 1253 4170">
     <span class='ocr_line' id='line_1_25' title="bbox 117 4081 1253 4170; baseline 0.001 -23"><span class='ocrx_word' id='word_1_144' title='bbox 117 4081 256 4162; x_wconf 83' lang='lat' dir='ltr'>scribat,</span> <span class='ocrx_word' id='word_1_145' title='bbox 272 4085 424 4150; x_wconf 82' lang='lat' dir='ltr'>continue</span> <span class='ocrx_word' id='word_1_146' title='bbox 440 4081 533 4150; x_wconf 91' lang='lat' dir='ltr'>nobis</span> <span class='ocrx_word' id='word_1_147' title='bbox 549 4086 790 4170; x_wconf 88' lang='lat' dir='ltr'>spopondimus,</span> <span class='ocrx_word' id='word_1_148' title='bbox 806 4093 920 4170; x_wconf 88' lang='lat' dir='ltr'>utque</span> <span class='ocrx_word' id='word_1_149' title='bbox 947 4084 1062 4150; x_wconf 88' lang='lat' dir='ltr'>eadem</span> <span class='ocrx_word' id='word_1_150' title='bbox 1087 4088 1194 4148; x_wconf 87' lang='lat' dir='ltr'>mente</span> <span class='ocrx_word' id='word_1_151' title='bbox 1221 4090 1253 4148; x_wconf 87' lang='lat' dir='ltr'>et</span> 
     </span>
    </p>
   </div>
   <div class='ocr_carea' id='block_1_17' title="bbox 4 4189 1255 4496">
    <p class='ocr_par' dir='ltr' id='par_1_17' title="bbox 4 4189 1255 4510">
     <span class='ocr_line' id='line_1_26' title="bbox 4 4189 1255 4284; baseline 0 -28"><span class='ocrx_word' id='word_1_152' title='bbox 4 4247 7 4284; x_wconf 33' lang='grc' dir='ltr'><em>ξ</em></span> <span class='ocrx_word' id='word_1_153' title='bbox 120 4189 234 4258; x_wconf 85' lang='lat' dir='ltr'>studio</span> <span class='ocrx_word' id='word_1_154' title='bbox 245 4212 325 4275; x_wconf 84' lang='lat' dir='ltr'>erga</span> <span class='ocrx_word' id='word_1_155' title='bbox 334 4191 474 4278; x_wconf 85' lang='lat' dir='ltr'>Regiam</span> <span class='ocrx_word' id='word_1_156' title='bbox 483 4192 719 4261; x_wconf 81' lang='lat' dir='ltr'>Oelsitudinem</span> <span class='ocrx_word' id='word_1_157' title='bbox 728 4195 885 4264; x_wconf 85' lang='lat' dir='ltr'>Vestram</span> <span class='ocrx_word' id='word_1_158' title='bbox 895 4195 1016 4260; x_wconf 84' lang='lat' dir='ltr'>suimus</span> <span class='ocrx_word' id='word_1_159' title='bbox 1026 4191 1193 4274; x_wconf 86' lang='lat' dir='ltr'>futurique</span> <span class='ocrx_word' id='word_1_160' title='bbox 1204 4213 1255 4258; x_wconf 88' lang='lat' dir='ltr'>su·</span> 
     </span>
     <span class='ocr_line' id='line_1_27' title="bbox 118 4301 1254 4386; baseline 0.001 -21.909"><span class='ocrx_word' id='word_1_161' title='bbox 118 4321 191 4364; x_wconf 90' lang='lat' dir='ltr'>mus</span> <span class='ocrx_word' id='word_1_162' title='bbox 208 4319 270 4384; x_wconf 92' lang='lat' dir='ltr'>pro</span> <span class='ocrx_word' id='word_1_163' title='bbox 281 4301 428 4385; x_wconf 85' lang='lat' dir='ltr'>antiqua,</span> <span class='ocrx_word' id='word_1_164' title='bbox 439 4307 472 4367; x_wconf 89' lang='lat' dir='ltr'>et</span> <span class='ocrx_word' id='word_1_165' title='bbox 481 4301 698 4370; x_wconf 89' lang='lat' dir='ltr'>indissolubili</span> <span class='ocrx_word' id='word_1_166' title='bbox 716 4305 897 4371; x_wconf 88' lang='lat' dir='ltr'>animorum</span> <span class='ocrx_word' id='word_1_167' title='bbox 908 4308 1092 4370; x_wconf 86' lang='lat' dir='ltr'>nostrorum</span> <span class='ocrx_word' id='word_1_168' title='bbox 1103 4302 1254 4386; x_wconf 84' lang='lat' dir='ltr'>conjunc-</span> 
     </span>
     <span class='ocr_line' id='line_1_28' title="bbox 115 4406 1254 4496; baseline 0 -23"><span class='ocrx_word' id='word_1_169' title='bbox 115 4408 214 4490; x_wconf 87' lang='lat' dir='ltr'>tione,</span> <span class='ocrx_word' id='word_1_170' title='bbox 231 4427 297 4490; x_wconf 92' lang='lat' dir='ltr'>quo</span> <span class='ocrx_word' id='word_1_171' title='bbox 313 4406 360 4490; x_wconf 88' lang='lat' dir='ltr'>fit,</span> <span class='ocrx_word' id='word_1_172' title='bbox 376 4413 414 4474; x_wconf 91' lang='lat' dir='ltr'>ut</span> <span class='ocrx_word' id='word_1_173' title='bbox 428 4409 555 4492; x_wconf 89' lang='lat' dir='ltr'>merito,</span> <span class='ocrx_word' id='word_1_174' title='bbox 568 4409 706 4495; x_wconf 88' lang='lat' dir='ltr'>jureque</span> <span class='ocrx_word' id='word_1_175' title='bbox 732 4413 894 4479; x_wconf 88' lang='lat' dir='ltr'>nonmodo</span> <span class='ocrx_word' id='word_1_176' title='bbox 911 4412 1051 4478; x_wconf 89' lang='lat' dir='ltr'>innioem</span> <span class='ocrx_word' id='word_1_177' title='bbox 1067 4431 1185 4496; x_wconf 82' lang='lat' dir='ltr'>supere</span> <span class='ocrx_word' id='word_1_178' title='bbox 1201 4409 1254 4474; x_wconf 87' lang='lat' dir='ltr'>de·</span> 
     </span>
    </p>
   </div>
   <div class='ocr_carea' id='block_1_18' title="bbox 114 4515 1255 4608">
    <p class='ocr_par' dir='ltr' id='par_1_18' title="bbox 114 4515 1255 4608">
     <span class='ocr_line' id='line_1_29' title="bbox 114 4515 1255 4608; baseline 0.004 -25"><span class='ocrx_word' id='word_1_179' title='bbox 114 4516 264 4596; x_wconf 87' lang='lat' dir='ltr'>beamus,</span> <span class='ocrx_word' id='word_1_180' title='bbox 289 4519 327 4581; x_wconf 87' lang='lat' dir='ltr'>nt</span> <span class='ocrx_word' id='word_1_181' title='bbox 351 4515 437 4584; x_wconf 85' lang='lat' dir='ltr'>inter</span> <span class='ocrx_word' id='word_1_182' title='bbox 463 4516 612 4585; x_wconf 84' lang='lat' dir='ltr'>subditos</span> <span class='ocrx_word' id='word_1_183' title='bbox 638 4525 671 4587; x_wconf 88' lang='lat' dir='ltr'>et</span> <span class='ocrx_word' id='word_1_184' title='bbox 696 4521 769 4588; x_wconf 89' lang='lat' dir='ltr'>loca</span> <span class='ocrx_word' id='word_1_185' title='bbox 794 4526 909 4589; x_wconf 87' lang='lat' dir='ltr'>nostra</span> <span class='ocrx_word' id='word_1_186' title='bbox 933 4523 1035 4590; x_wconf 82' lang='lat' dir='ltr'>amioe</span> <span class='ocrx_word' id='word_1_187' title='bbox 1051 4521 1206 4608; x_wconf 89' lang='lat' dir='ltr'>utrinque</span> <span class='ocrx_word' id='word_1_188' title='bbox 1222 4526 1255 4587; x_wconf 85' lang='lat' dir='ltr'>et</span> 
     </span>
    </p>
   </div>
   <div class='ocr_carea' id='block_1_19' title="bbox 0 0 1682 5266">
    <p class='ocr_par' dir='ltr' id='par_1_19' title="bbox 0 0 1682 5266">
     <span class='ocr_line' id='line_1_30' title="bbox 0 0 1682 5266; baseline 0 7"><span class='ocrx_word' id='word_1_189' title='bbox 0 0 1682 5266; x_wconf 95' lang='lat' dir='ltr'> </span> 
     </span>
    </p>
   </div>
  </div>
 </body>
</html>
