3334 5276
695 755 746 819 35.

154 936 249 997 1467.
281 931 309 997 A
343 935 493 998 seleneaei
518 934 738 998 dilamtanstcs
763 934 881 998 kdvetei
895 933 979 999 altat
1005 957 1025 996 o
1051 935 1160 998 remei
1182 939 1288 1021 pa‘pa't

151 1068 171 1105 a
209 1043 363 1107 resoluat
392 1039 538 1106 Albanio
566 1041 662 1105 ellani
711 1042 1052 1128 badimoapolmairdl,
1089 1043 1225 1107 tondbdcl
1265 1067 1287 1106 a

153 1171 289 1235 mapyor
313 1149 426 1232 kirdly
448 1152 480 1214 ds
506 1173 528 1214 a
553 1151 644 1214 torna
675 1149 746 1214 lebat
782 1149 918 1215 lcb'teudb'
942 1149 1212 1215 beiloe-terreaetrlll
1239 1162 1288 1214 ta-

652 1257 787 1342 ddsitjo.

154 1417 469 1488 MOOOOLXVH.
486 1419 538 1484 die
553 1417 601 1483 Il.
617 1417 718 1500 Junij.

128 1517 131 1528 ’
263 1526 360 1611 Quod
376 1527 435 1593 fiat
458 1525 642 1593 commissio
660 1521 856 1592 Oratoribus
873 1529 1001 1608 nostris,
1028 1525 1204 1591 Nobilibus
1232 1527 1288 1592 Vi-

154 1641 200 1701 ris
217 1635 322 1701 Petro
339 1634 539 1701 Mauroeeno
562 1641 595 1701 et
619 1633 767 1702 Johanni
793 1634 1002 1720 superando,
1026 1635 1222 1720 proiecturis
1247 1635 1289 1700 ad

154 1745 320 1810 Summum
332 1743 534 1811 Pontificem.

154 1853 231 1937 Sap.
248 1851 383 1938 Oonsilij
425 1852 429 1895 l
540 1905 579 1920 ..
605 1905 610 1918 .
644 1855 774 1922 Deinde
801 1859 934 1938 captato
969 1860 1124 1938 tempore,
1152 1874 1289 1919 comme·

178 1985 194 2022 ›
248 1966 271 2024 t.
288 1960 309 2026 s.
477 1962 645 2029 morabilis
672 1962 855 2030 Sanctitate
883 1963 1020 2047 prefate,
1047 1984 1112 2046 quo
1138 1963 1171 2027 in
1197 1967 1286 2027 statu

178 2093 194 2126 a
252 2067 411 2136 Ordinum
477 2073 686 2154 reperiantur
701 2093 755 2137 res
772 2069 925 2153 Albanio,
942 2070 1072 2136 scilieet
1088 2071 1228 2154 pessimo
1256 2073 1288 2133 et

154 2139 439 2262 periculosissimd,
456 2178 497 2242 ob
513 2178 685 2244 adventum
712 2178 810 2243 Turoi
836 2180 870 2243 in
895 2200 967 2244 eam
993 2179 1192 2262 provinciam
1217 2199 1288 2243 oum

153 2285 381 2368 potentissimo
412 2287 564 2369 exercitu,
591 2288 645 2370 qui
672 2287 751 2371 jam,
781 2291 819 2351 ut
842 2285 947 2352 literis
971 2293 1004 2350 et
1029 2285 1117 2352 fama
1141 2286 1290 2372 habetur,

154 2392 475 2477 appropinquaverat
491 2395 610 2460 finibus
627 2393 778 2460 Albanio.
805 2394 850 2459 Et
876 2416 1074 2479 quamquam
1098 2396 1290 2460 immanissi-

155 2523 227 2566 mus
243 2507 277 2566 et
293 2503 533 2569 versutissimus
550 2504 653 2570 hostis
670 2506 730 2568 iste
747 2504 916 2568 christiani
933 2503 1072 2568 nominis
1099 2503 1290 2567 ostentatio·

155 2631 228 2674 uem
254 2609 378 2692 feeerit,
403 2610 485 2675 velle
512 2613 599 2676 exire
625 2609 875 2695 Hellespontum
901 2632 975 2676 oum
1000 2612 1145 2677 maxima
1171 2610 1284 2689 classe,

158 2719 252 2797 adeo,
279 2725 315 2783 ut
330 2740 389 2802 pro
406 2719 566 2785 obviando
582 2721 691 2804 pravis
708 2721 775 2784 suis
793 2719 963 2788 conatibus
979 2717 1211 2802 providendum
1230 2741 1286 2782 no·
1403 2741 1406 2748 “

157 2827 207 2892 bis
232 2825 334 2891 fuerit
358 2847 478 2910 augere
503 2827 641 2893 classem
668 2833 813 2894 nostram
840 2828 872 2890 in
890 2825 992 2890 multo
1008 2828 1131 2912 majore
1148 2847 1283 2891 numero

156 2935 339 3000 triremium
357 2955 455 3018 quam
471 2942 578 3017 antea,
596 2942 628 3000 et
644 2941 784 3020 quatuor
801 2933 936 3001 navibus
953 2935 1098 3015 armatis,
1115 2940 1148 2999 et
1159 2935 1285 2998 munire

158 3043 269 3109 omnia
283 3043 356 3109 looa
371 3049 483 3110 nostra
498 3045 670 3127 maritima,
688 3043 885 3110 conductitio
912 3043 1025 3108 militis
1050 3065 1122 3108 oum
1148 3043 1290 3108 maxima

157 3159 258 3235 atque
276 3152 359 3218 adeo
375 3152 589 3218 intollerabili
606 3159 737 3236 sumptu
753 3159 875 3218 nostro.
901 3151 1026 3217 'I'amen
1044 3151 1195 3235 deposita
1212 3171 1291 3214 cura

157 3258 314 3325 armande
340 3261 463 3342 elassis,
479 3261 639 3326 convertit
665 3261 879 3342 cogitationes
906 3266 939 3323 et
964 3261 1048 3324 vires
1075 3280 1185 3324 omues
1215 3279 1290 3322 suas

157 3372 274 3434 eontra
297 3363 486 3446 Albaniam
510 3373 625 3451 utpote
650 3369 741 3432 illam
767 3367 975 3450 provinciam,
1002 3387 1099 3450 quam
1125 3366 1291 3431 existimat

158 3476 466 3561 opportunissimam
484 3475 595 3541 adres
611 3475 749 3542 Italicas
765 3473 971 3556 invadendae,
999 3474 1172 3558 presertim
1200 3495 1290 3539 oocu-

157 3591 238 3668 pata
262 3583 343 3649 urbe
359 3581 517 3668 Diraohij.
533 3581 568 3648 N
569 3605 606 3650 eo
622 3588 672 3650 est
688 3582 831 3666 dubium,
850 3585 929 3668 quin
946 3583 1008 3648 hoo
1024 3584 1067 3648 sit
1091 3583 1288 3648 desiderium

158 3713 261 3775 suum,
278 3691 356 3776 quia
372 3695 444 3756 toto
461 3691 523 3755 hoo
534 3712 618 3757 auno
628 3689 786 3758 infestare
796 3691 1108 3776 illamprovineiam,
1118 3696 1152 3756 et
1162 3691 1285 3756 instau-

158 3807 266 3866 ratam
293 3797 449 3883 oppidum
474 3797 556 3862 illud
581 3795 700 3867 Valme
726 3800 852 3864 munire
876 3820 941 3866 non
967 3799 1100 3865 destitit.
1127 3796 1197 3865 Nos
1213 3819 1289 3861 vero

158 3909 235 3973 lieet
260 3905 303 3972 ad
327 3905 551 3971 incredibilem
588 3912 751 3990 sumptum
777 3905 891 3972 elassis
917 3913 1095 3991 nostrast
1121 3907 1287 3990 copiarum

158 4017 332 4082 missarum
347 4015 381 4079 in
397 4012 638 4098 Peloponssum
657 4021 690 4080 et
705 4015 952 4099 Nigropontem,
974 4015 1075 4082 etilla
1085 4015 1158 4080 loea
1174 4018 1289 4080 nostra

158 4123 342 4202 maritima;
367 4142 431 4187 non
449 4121 670 4188 destiterimus
687 4124 817 4188 mittere
843 4125 876 4187 in
902 4121 1083 4188 Albaniam
1108 4120 1292 4205 peditatum

158 4232 193 4296 in
217 4250 336 4313 magno
362 4250 506 4312 nurnero,
532 4233 724 4315 munireque
749 4230 808 4296 illa
832 4231 904 4296 losa
929 4237 1052 4311 nostra,
1068 4235 1102 4295 et
1118 4228 1290 4295 subvenire

158 4339 206 4405 M.
223 4339 365 4404 Domino
383 4335 627 4424 Soandarbego‚
642 4345 752 4404 tamen
762 4338 935 4404 manifeste
951 4338 1174 4421 eognoseimus
1191 4336 1292 4421 majo-

44 4443 49 4452 ’
156 4448 248 4514 ribus
265 4449 386 4514 viribus
402 4451 436 4511 et
446 4448 657 4516 validioribus
674 4447 805 4534 auxilijs
816 4469 897 4531 opus
914 4469 985 4514 esse
995 4447 1038 4513 ad
1048 4447 1291 4533 reprimendum

157 4561 288 4628 tantum
306 4557 460 4646 impetum
479 4562 512 4620 et
527 4556 707 4647 perieulum
725 4555 894 4624 imminens
911 4557 974 4625 toti
991 4555 1231 4624 christianitati.
1247 4557 1293 4621 Et
