3340 5260
385 409 451 478 264
744 427 980 474 nreuounczmr
996 411 1164 472 surinus.

380 587 461 654 istus
477 591 607 653 nostras
623 587 735 654 literas
752 594 784 652 61
800 609 859 672 666
882 588 1040 652 insertum
1056 584 1237 670 exemplum
1254 585 1431 652 Sanctitati
1447 586 1510 653 Sue

381 695 578 784 respondite,
603 702 636 762 61
661 701 819 780 quantum
847 715 927 780 opus
952 695 1004 779 sit,
1036 700 1261 780 quantumque
1292 697 1512 780 magnitudini

380 808 413 870 et
429 803 566 888 ponderi
583 824 691 869 rerum
707 803 889 884 conveniat,
904 807 1084 870 memorate
1109 807 1142 868 et
1161 801 1319 887 suplicata
1336 801 1513 871 sanctitati

379 910 534 997 predicte,
560 911 715 996 dignetur
740 917 907 978 maturare
939 911 1103 996 inceptam
1128 911 1347 995 provisionem
1373 918 1406 978 et
1431 934 1512 996 opus

379 1021 657 1105 prenecessarium
673 1041 766 1086 suum
782 1017 1052 1104 requirendorum
1067 1023 1296 1104 potentatuum
1321 1019 1364 1088 od
1379 1040 1515 1086 renovo·

380 1128 513 1211 tionem,
538 1129 604 1193 sive
629 1127 814 1194 missionem
840 1127 1071 1197 mandatorum
1097 1125 1272 1212 et'Legati
1302 1127 1342 1194 de
1358 1127 1464 1195 latere
1480 1126 1514 1192 in

381 1235 588 1320 Hungariom
604 1235 798 1318 designandi
814 1241 849 1302 et
874 1235 917 1301 ad
941 1241 1049 1302 certas
1073 1235 1174 1302 etiam
1188 1237 1390 1321 provisiones
1406 1237 1514 1304 facen-

381 1343 459 1426 das;
475 1342 593 1428 quibus
608 1343 819 1428 propugnari,
835 1344 1048 1428 succurrique
1064 1343 1165 1410 Italic
1181 1350 1216 1410 et
1239 1343 1336 1412 rebus
1353 1341 1514 1412 Christis·

381 1473 498 1518 uorum
513 1455 628 1517 contra
644 1449 788 1516 furorem
813 1451 963 1518 sevientis
988 1449 1114 1517 inimici
1138 1451 1275 1536 possint,
1300 1453 1466 1536 cogitatus
1482 1459 1515 1518 61
1626 1458 1627 1461 ’

381 1562 476 1642 vires,
492 1561 791 1642 auctoritatemque
807 1565 912 1626 vertat
928 1581 1030 1626 suam.
1040 1558 1119 1626 Non
1134 1560 1284 1646 dicemus,
1298 1561 1459 1647 quidquid
1474 1560 1514 1628 16

381 1668 489 1735 officio
504 1665 725 1734 Beatitudinis
741 1666 807 1736 Sue
831 1667 878 1734 sio
902 1668 1062 1752 exigente,
1078 1689 1143 1736 non
1162 1669 1203 1736 16
1218 1669 1342 1736 honore
1359 1675 1393 1736 et
1407 1669 1515 1754 glorio

381 1777 460 1862 ejus,
475 1797 542 1842 non
557 1775 598 1842 16
613 1774 758 1860 infamia,
774 1777 802 1842 61
817 1776 923 1842 minus
948 1775 1043 1859 foret,
1069 1778 1156 1861 quod
1181 1775 1397 1844 Sanctitatem
1421 1778 1516 1844 16661

382 1907 492 1968 snam,
509 1886 663 1970 quoniam
678 1889 773 1952 tanta
789 1891 840 1952 est
854 1885 1046 1970 magnitudo
1054 1886 1276 1971 periculorum
1291 1888 1515 1954 6166666616-

380 1994 425 2061 tis
439 1995 667 2079 prospiciendi,
683 2000 721 2062 ut
745 1999 852 2062 cetero
867 2015 977 2062 omnes
993 2017 1088 2062 cause
1104 2002 1139 2062 et
1152 2001 1318 2082 respectus
1333 2017 1396 2080 pro
1411 1994 1514 2062 nihilo

379 2105 508 2189 possint
518 2103 591 2190 jam
606 2103 796 2171 existimari
811 2101 942 2189 Agetur
965 2126 1052 2172 anno
1067 2105 1217 2190 proximo
1233 2126 1301 2171 non
1316 2105 1356 2172 16
1372 2103 1513 2172 Scutaro
1643 2073 1646 2152 l

380 2217 415 2278 ot
430 2209 470 2277 16
484 2211 653 2297 provincia
668 2209 814 2280 Albanio
830 2214 931 2282 italie
947 2213 1108 2298 opposite,
1133 2213 1191 2280 sed
1207 2213 1247 2280 16
1273 2214 1345 2298 ipsa
1360 2211 1515 2280 universa
1646 2217 1648 2300 Ῐ

379 2319 481 2386 Italia
510 2325 543 2386 et
557 2341 594 2386 66
610 2319 801 2388 Christiana
820 2320 922 2388 nihilo
947 2321 1022 2406 plus
1046 2319 1203 2406 temporis
1234 2321 1447 2406 suppetentis,
1470 2319 1514 2387 ad
1643 2309 1649 2372 i

379 2425 703 2514 prospiciendumqne
712 2430 871 2496 mensium
881 2430 1034 2516 quinque,
1044 2429 1120 2496 hino
1129 2428 1254 2496 scilicet
1263 2428 1307 2495 ad
1315 2427 1515 2513 principium
1648 2411 1650 2458 ²

379 2535 475 2619 veris,
492 2537 622 2622 quando
638 2536 743 2606 hostis
758 2537 793 2603 in
808 2559 900 2606 marc
918 2559 987 2605 6666
1002 2543 1035 2604 61
1051 2537 1086 2603 in
1101 2535 1239 2604 Italiam
1263 2535 1424 2621 navigare
1443 2535 1515 2603 des·

380 2643 506 2712 tinavit.
521 2645 610 2712 Date
634 2645 669 2712 in
693 2651 807 2714 nostro
831 2645 952 2714 Ducoli
977 2645 1110 2713 Palatio
1129 2646 1181 2712 die
1196 2643 1296 2714 XVI.
1311 2643 1514 2732 Septembris
1651 2667 1652 2730 3

380 2748 700 2824 mooooLXXIV.
1650 2763 1652 2782 “

491 2933 621 2999 (unum
636 2933 797 2998 sumar.)

863 3117 1022 3127 ——u—-u—

914 3369 988 3433 184.

382 3555 478 3622 1474.
506 3551 648 3618 Karalis
679 3549 827 3617 berzelai
857 3548 1011 3636 lciro'lyue'
1042 3547 1199 3614 1166161661
1214 3547 1296 3615 kdld
1320 3571 1344 3612 a
1372 3545 1517 3613 miltiadi

850 3659 1040 3745 berczeqbca

486 3836 697 3908 serenissime
713 3837 871 3922 Princeps
888 3839 921 3902 et
935 3833 1047 3901 Ill-me
1072 3831 1225 3918 Domine,
1240 3831 1329 3900 Dme
1345 3832 1517 3902 Excellen-

378 3948 512 4018 tissime.
529 3945 610 4014 Post
625 3947 747 4016 multas
773 3943 1045 4014 comendationes.
1071 3943 1123 4010 La
1147 3943 1385 4030 magnanimiter
1409 3943 1517 4010 efede

379 4079 441 4125 con
466 4057 630 4125 honorato
655 4075 765 4124 amore
789 4053 950 4140 epictade,
976 4052 1049 4120 chio
1073 4053 1108 4119 in
1123 4049 1248 4122 Vostra
1264 4049 1419 4120 Serenits
1443 4071 1518 4136 cog-

378 4163 513 4250 nosud0,
528 4187 581 4232 ms
597 4164 631 4233 fa
646 4165 756 4251 piglar
772 4168 902 4232 securta
926 4167 959 4229 et
984 4161 1122 4230 donome
1147 4157 1258 4228 animo
1283 4181 1349 4227 non
1371 4158 1517 4245 posendo

378 4276 475 4343 conlo
497 4294 603 4360 propa
626 4293 776 4359 persona,
803 4272 830 4338 61
855 4290 946 4337 como
971 4269 1016 4336 mi
1030 4269 1118 4336 scria
1143 4267 1177 4334 di
1203 4267 1340 4353 bisogno
1356 4261 1524 4351 61611616Δ

376 4383 497 4452 mando
521 4383 546 4449 li
570 4382 635 4450 mei
658 4379 842 4449 fidelissimi
868 4376 1012 4461 Oratori,
1036 4377 1202 4464 portatorj
1230 4375 1302 4444 dila
1320 4376 1517 4462 presenteli

375 4491 467 4560 nobil
483 4491 581 4558 miser
596 4489 696 4558 Piero
711 4487 843 4555 Diforte
860 4485 981 4555 abbate
1007 4507 1047 4554 66
1070 4484 1180 4552 Rodio
1202 4485 1269 4552 mio
1285 4483 1517 4569 consangineo,

375 4597 402 4668 li
418 4600 510 4688 quali
524 4598 630 4667 intuta
653 4597 686 4666 16
708 4595 846 4666 tacende
870 4594 933 4662 mie
959 4600 994 4662 61
1019 4593 1097 4678 ogni
1121 4613 1206 4681 gran
1223 4591 1365 4677 bisogno
1381 4591 1417 4658 in
1431 4595 1518 4658 tutto
