3340 5260
689 414 784 479 1474.
1233 415 1294 478 261

165 591 213 654 tia
236 591 452 674 ringratiarla
477 590 517 654 de
542 598 665 674 quanto
691 615 756 675 nuy
781 613 821 656 ns
846 593 978 659 serireti
1002 598 1042 657 tt.
1067 590 1158 658 Bene
1183 592 1297 656 valete.
1425 592 1430 598 ’

166 696 337 766 Modrusia
351 699 405 764 die
416 697 554 766 XVIII.
564 700 658 786 Julij.

385 829 397 854 ⁸
709 809 896 894 Stephanus
912 809 953 875 de
968 808 1251 893 Frangepanibus.

811 917 931 1001 Segnia
947 923 970 982 t.
986 923 1009 982 t.
1026 917 1150 984 Comes.

272 1018 306 1086 A
331 1027 439 1106 tergo:
466 1023 647 1108 Spectabili
672 1049 712 1091 ae
736 1024 916 1092 Generosa·
937 1021 1005 1090 'viro
1031 1025 1120 1091 D·n0
1151 1023 1296 1090 Fantina

165 1129 331 1212 Marcello,
347 1127 539 1214 dignissimo
565 1130 748 1218 Capitaneo
765 1133 948 1222 Raspurcb‚
973 1131 1077 1202 amico
1103 1139 1215 1202 uestro
1238 1129 1295 1201 bo·

164 1238 319 1308 uorando.

274 1401 577 1468 (niranuuamur.)

648 1552 810 1562 Μ

696 1787 769 1848 181.

163 1947 261 2011 1474.
277 1943 307 2010 Α
325 1945 475 2010 veleneaci
489 1947 708 2012 dllamtandce
724 1945 818 2010 levale
841 1947 1112 2034 mapyurorazdpi
1132 1947 1294 2011 kb'vcte'bea

403 2054 494 2118 valta
509 2055 605 2139 dtjtia
621 2053 747 2119 tutdcu
760 2055 842 2140 ptus
858 2056 1049 2141 tdrpydbuu.

271 2211 406 2280 Oratori
422 2217 533 2280 nostro
549 2214 637 2299 apud
654 2212 903 2280 Serenissimum
919 2212 961 2280 D.
971 2215 1098 2298 Regem
1110 2215 1293 2297 Hungarie.

270 2321 394 2389 biteris
418 2323 535 2390 rastris
559 2322 625 2388 dici
651 2321 755 2389 XXI
771 2321 854 2408 Julij
880 2323 1108 2407 intelleximus,
1133 2329 1293 2407 quantum

163 2429 256 2495 nobis
273 2430 444 2514 scripsistis
460 2431 502 2497 de
517 2431 663 2515 pecuniis
687 2431 828 2516 acceptis
852 2430 896 2497 ad
920 2432 1082 2498 cambium
1106 2453 1164 2516 per
1187 2433 1293 2498 virum
1386 2421 1393 2438 ⁸

163 2537 304 2604 nobilem
320 2538 345 2605 J
347 2559 486 2606 oannem
501 2539 586 2605 Eme
602 2538 749 2622 militem,
759 2546 915 2624 tempere,
931 2561 997 2624 quo
1012 2539 1076 2604 luit
1091 2545 1203 2604 orator
1218 2561 1293 2605 nos·

163 2651 214 2711 tar
230 2646 428 2730 inpartibus
452 2647 534 2729 istie,
558 2646 601 2713 ab
626 2668 691 2712 uno
717 2653 907 2730 mercatore,
933 2647 985 2712 cui
1010 2652 1126 2730 postca
1150 2646 1293 2712 solutum

161 2751 225 2820 luit
239 2751 325 2838 (ipso
340 2751 456 2839 invito)
481 2755 516 2820 in
534 2757 595 2822 101
613 2755 738 2840 audaga
754 2761 788 2822 et
803 2755 913 2840 precio
928 2755 1110 2837 excessiv03
1127 2759 1161 2820 et
1185 2753 1293 2839 dispo·

161 2863 216 2928 siti
231 2883 301 2930 rem
318 2861 403 2930 hane
418 2863 663 2947 particulariter
680 2869 715 2930 et
729 2865 916 2930 minutatim
926 2863 1118 2946 intelligere,
1129 2862 1291 2929 voluimus

160 2977 193 3038 at
216 2973 261 3040 ad
287 2973 532 3057 requisitionem
558 2968 713 3057 Cupitum
738 2971 875 3039 Consilii
899 2973 1004 3040 nostri
1028 2971 1075 3038 X.
1100 2971 1292 3041 mandemus

160 3079 260 3162 vobis,
275 3087 314 3146 ut
330 3080 358 3146 si
374 3079 508 3148 charam
523 3077 652 3146 habetis
677 3081 818 3162 gratiam
844 3078 991 3146 Dominii
1016 3079 1128 3160 nostri,
1151 3081 1291 3162 receptis

159 3188 364 3271 presentibus
389 3188 563 3272 diligenter
586 3187 751 3272 inquirere
782 3193 816 3254 et
846 3189 1045 3272 investigare
1076 3187 1226 3254 debeatis
1251 3187 1291 3252 de

159 3297 291 3364 nomine
308 3297 386 3364 dieti
401 3297 593 3364 mercatoris
607 3301 641 3361 et
656 3296 843 3380 quantitate
858 3297 1068 3381 pecuniarum
1084 3295 1126 3362 ab
1142 3317 1180 3362 eo
1197 3295 1291 3362 data-

158 3427 230 3471 rum
247 3405 290 3471 ad
305 3404 466 3472 cambium
481 3405 609 3488 prefato
626 3403 687 3472 Ser
702 3403 825 3472 Joanni
850 3411 972 3487 nostro,
996 3411 1030 3470 et
1054 3405 1172 3489 quibus
1190 3403 1290 3470 etiam

158 3512 289 3582 nomine
303 3509 393 3580 faeta
409 3511 471 3578 luit
485 3511 540 3578 hic
556 3511 676 3578 solutio
698 3512 758 3579 illa
783 3511 989 3596 endegorum.
1013 3512 1060 3578 at
1084 3512 1202 3594 omnia,
1226 3533 1289 3596 qua

159 3619 348 3704 habueritis,
364 3619 609 3704 particulariter
624 3625 658 3686 et
673 3619 828 3687 distincte
843 3619 976 3686 domino
990 3625 1103 3687 nostro
1127 3618 1289 3692 denotata.

159 3730 225 3797 Die
239 3733 271 3796 4.
286 3727 430 3814 augrus
449 3733 544 3796 1474.

267 3893 425 3957 (Velenczei
437 3893 625 3960 auamktnyv.
638 3895 706 3960 Capi
718 3895 753 3946 de
766 3894 906 3961 Oeneiglio
919 3894 953 3948 de
966 3895 1001 3945 X.
1014 3894 1045 3944 F.
1058 3894 1092 3956 1.)

643 4203 804 4216 -a—-t--v
