3334 5276
480 382 518 420 ·-
579 377 583 386 ’
638 368 736 450 1466,
1211 369 1252 433 25

123 549 250 616 diamari
259 549 388 615 domini
403 550 561 634 Episcopi
577 549 812 632 strigoniensis
827 548 898 613 fieri
913 547 1008 614 nobis
1024 549 1143 617 debere
1158 557 1255 630 super

122 659 215 725 mota
229 681 319 744 pace,
343 657 613 743 quemadmodum
628 665 739 724 tamen
762 661 838 723 ante
862 657 923 724 hac
938 678 995 724 vos
1013 657 1127 725 iecisse
1152 655 1255 722 eredi-
1368 680 1370 686 ¹

2 838 3 844 ἵ
123 789 207 848 mus,
222 789 320 851 quam
335 789 403 832 rem
418 768 560 846 marimo
580 767 688 832 studio
714 765 796 830 scire
820 771 854 831 et
880 786 1073 848 cognoscere
1097 765 1254 850 cupimus,

2 895 4 904 *
122 885 159 943 et
173 883 399 960 expectamus3
423 874 607 959 efficiteque
621 874 846 958 imposterum,
862 880 899 938 ut
913 873 1029 940 saltem
1047 879 1161 963 octavo
1177 895 1254 957 quo

2 1023 3 1026 =
122 1005 187 1067 que
203 984 255 1049 die
270 984 399 1050 litteras
415 988 541 1047 vestras
549 980 737 1060 habeamus,
755 979 872 1064 quibus
890 983 1045 1047 certiores
1059 980 1137 1047 iacti
1154 982 1254 1046 simus

2 1143 5 1156 .
122 1093 273 1159 omnibus
288 1089 329 1158 de
344 1092 451 1172 rebus,
467 1111 540 1155 cum
555 1089 596 1155 de
612 1089 664 1173 ijs,
679 1111 742 1172 que
756 1088 819 1154 iste
834 1089 1064 1156 Serenissimus
1074 1089 1146 1154 Rex
1164 1087 1254 1170 facit,
1387 1115 1390 1120 ¹

2 1273 5 1280 ,
122 1201 268 1286 dicitque
299 1207 357 1266 aut
372 1199 480 1265 facere
496 1195 625 1264 videtur
643 1197 826 1280 dispositus,
842 1203 876 1261 et
890 1198 1030 1262 maxime
1045 1196 1086 1262 de
1101 1197 1254 1290 opinione

121 1315 158 1374 et
171 1309 394 1392 dispositione,
410 1327 509 1390 quam
524 1303 626 1371 habet
641 1303 710 1372 Sus
720 1303 882 1390 Majestus
897 1310 975 1387 post
989 1304 1132 1370 reditum
1148 1305 1255 1370 isthuc

10 1489 15 1494 ,
123 1417 276 1485 Oretoris
301 1417 352 1480 sui
375 1415 496 1480 reversi
510 1435 550 1480 ex
566 1415 674 1480 Roma
690 1413 783 1495 adeo,
798 1420 836 1478 ut
850 1419 1009 1496 quantum
1026 1411 1069 1477 ad
1085 1433 1140 1478 vos
1155 1415 1254 1496 perti

2 1565 3 1572 κ
120 1531 191 1604 net,
214 1522 472 1588 informatissimi
499 1522 650 1586 continue
674 1521 776 1586 umus
790 1527 890 1604 atque
904 1519 1085 1587 doctissimi
1110 1519 1253 1586 omnium

2 1647 3 1653 ’
121 1653 233 1699 rerum
248 1633 387 1698 istarum
401 1630 555 1714 partium.

233 1740 276 1825 ΔΓ
324 1745 384 1806 121
433 1777 477 1788 -
523 1745 543 1805 a
589 1773 634 1786 -
683 1743 710 1803 1.

92 1887 98 1895 “
232 1905 267 1965 (V
269 1905 388 1955 eleuczei
401 1903 580 1968 allamkonyv
595 1907 654 1952 173.
667 1901 698 1963 1.)

607 2083 767 2093 --

665 2318 716 2380 14.

123 2504 221 2568 1466.
238 2501 268 2566 A
283 2500 435 2566 edeaoaei
453 2501 670 2565 attentantes
684 2497 820 2563 Venerio
831 2499 969 2564 Ferencz
984 2498 1253 2582 mapycromdqi

169 2611 286 2676 Ιιὸυώέθ
301 2633 322 2672 a
338 2608 480 2673 commui
495 2607 632 2672 locando
647 2606 721 2670 beke
740 2607 862 2692 pontok
878 2609 969 2671 iudet
985 2605 1206 2692 tdjdkoztatju.

27 2809 30 2814 ·
123 2801 411 2872 uccoocxvi.
427 2802 468 2868 ce
484 2803 567 2874 vn.
582 2801 736 2886 sagum.

230 2930 291 2996 Ser
307 2930 482 2996 Francisco
499 2927 643 2994 Venerio
658 2926 795 2994 Oratori
810 2931 845 2992 in
861 2927 1044 3009 Hungaria.

123 3055 347 3140 tconsiliarij
542 3053 688 3120 Reddite
713 3061 788 3120 sunt
811 3053 907 3118 nobis
932 3053 1042 3118 littere
1070 3058 1174 3117 vestre
1200 3052 1253 3118 die

2 3240 3 3266 3
122 3161 333 3246 &Sapientes
349 3161 409 3228 ct
498 3160 580 3227 VII.
602 3162 759 3227 instantis
783 3184 855 3227 cum
880 3162 1058 3228 introcluso
1084 3161 1163 3227 lolio
1188 3182 1253 3226 res·

2 3271 3 3338 3
121 3273 289 3356 pensionis
303 3272 399 3336 istius
423 3269 628 3336 Serenissimi
653 3269 765 3354 Regis,
781 3269 825 3335 ad
840 3291 888 3352 ea,
904 3291 966 3354 que
985 3276 1098 3336 nostro
1122 3270 1252 3334 nomine

2 3446 4 3472 s
122 3379 346 3464 superioribus
362 3377 476 3443 diebus
492 3377 524 3442 ei
538 3379 780 3462 exposueratis3
795 3383 828 3442 et
842 3378 930 3442 circa
945 3376 1026 3442 duas
1041 3377 1163 3460 primas
1178 3398 1252 3460 par·

120 3485 340 3552 ticularitates
364 3485 484 3549 erimus
508 3483 681 3568 breviores,
706 3485 858 3567 quoniam
883 3484 930 3549 sio
953 3485 1073 3550 veritas
1097 3483 1252 3568 exposcit

2 3635 5 3675 :
120 3593 285 3662 Volumus
300 3593 403 3674 igitur
418 3599 451 3656 et
466 3611 538 3656 cum
553 3598 666 3658 nostro
677 3591 825 3658 Consilio
835 3591 1042 3676 Rogatorum
1057 3590 1149 3658 vobis
1164 3614 1253 3658 mau-

2 3743 3 3760 r
120 3701 247 3780 damus,
262 3706 299 3765 ut
313 3707 429 3765 nactus
446 3701 647 3766 occasionem
664 3722 738 3766 cum
752 3699 842 3766 illius
852 3699 1033 3784 Maiestate
1049 3721 1120 3766 esse
1136 3699 1253 3766 debea-

119 3809 173 3888 tis,
199 3830 297 3892 quem
321 3807 544 3873 certificabitis
574 3809 736 3873 neminem
767 3831 910 3893 unquam
942 3809 982 3874 de
1007 3830 1047 3874 ea
1070 3806 1164 3874 nobis
1195 3814 1253 3873 aut

2 3903 3 3952 1
120 3917 251 3998 dixisse,
266 3921 324 3981 aut
338 3916 508 4000 scripsisse
523 3917 705 4000 quicquam,
730 3916 818 4000 quod
843 3939 864 3982 a
887 3923 1002 3982 mutua
1026 3924 1139 3982 nostra
1164 3915 1252 3982 beni·

2 4103 3 4118 χ
120 4025 266 4090 volentia
279 4031 312 4089 et
327 4025 545 4092 sincerissima
561 4026 706 4091 amicitia
731 4025 923 4109 aliqualiter
947 4027 1052 4108 possit
1077 4045 1147 4091 esse
1171 4025 1249 4089 alie-

120 4155 216 4213 num;
232 4139 266 4197 et
281 4153 375 4198 nemo
392 4138 451 4214 est,
466 4133 522 4218 qui
546 4133 672 4216 aliquid
697 4134 767 4200 tale
791 4135 979 4200 insusurare
1004 4133 1149 4210 auderet,
1174 4153 1252 4215 quo·

2 4234 3 4246 ’
120 4241 218 4307 modo
233 4239 380 4306 omnibus
395 4241 569 4325 perspicua
583 4247 633 4306 est
647 4242 773 4306 sincera
789 4247 823 4306 et
838 4240 947 4307 valida
962 4241 1107 4306 amicitia
1130 4246 1251 4306 nostra.

119 4347 177 4414 Ad
192 4349 329 4414 terciam
344 4349 540 4432 particulam
556 4351 649 4433 pacis
665 4371 737 4416 cum
753 4349 861 4414 Turoo
881 4347 941 4414 sub
966 4348 1032 4414 illis
1056 4348 1252 4414 condicioni-

2 4469 3 4472 ’
119 4457 189 4538 bus,
206 4443 288 4542 quas
304 4460 394 4542 regia
403 4458 566 4542 Majestos
580 4457 648 4526 Sua
663 4459 748 4543 petit
757 4461 790 4523 et
805 4457 1009 4522 induciarum
1019 4463 1052 4523 et
1062 4461 1132 4539 eet,
1142 4456 1251 4523 omnia

119 4567 216 4650 plane
231 4566 457 4650 intelleximus,
468 4574 501 4633 et
511 4563 779 4634 deliberationem
789 4564 894 4650 Regie
905 4563 1119 4634 celsitudinis
1130 4571 1167 4632 ut
1176 4588 1250 4653 gra-
