3336 5252
418 326 482 394 340
768 341 1005 398 unuoulozrnr
1022 319 1193 395 sundran.

417 508 525 576 Tureo
535 507 857 596 herevaexpugnato
868 531 932 576 uno
941 509 1108 592 Bestione,
1117 509 1141 574 il
1152 505 1249 592 quale
1260 507 1346 572 elRe
1357 503 1556 590 dengeriu
1664 579 1666 600 ἒ

416 617 539 686 havera
555 617 644 686 sacto
661 616 730 685 iare
746 640 804 704 per
820 619 925 684 tutele
948 617 987 682 de
1005 615 1173 702 Belgredo
1191 623 1225 682 et
1242 636 1301 700 per
1318 613 1488 679 obsidione
1513 609 1556 675 de
1665 639 1666 644 ¹

417 726 582 795 Semedro.
601 727 696 794 Hora
712 726 859 814 significo
877 727 943 794 alle
954 725 1075 796 Vestra
1087 723 1244 810 Signoria
1257 745 1349 790 eomo
1367 721 1455 788 dicta
1470 741 1558 786 nova

416 857 476 920 per
491 835 525 902 la
541 837 594 902 vie
611 835 641 902 d’
654 835 825 920 ngheria
850 857 883 902 se
909 859 926 902 e
951 834 1128 916 rorifluam,
1156 839 1189 898 et
1214 832 1302 918 quod
1326 832 1432 916 majus
1448 833 1510 912 est,
1526 828 1559 894 el

418 943 546 1029 prelato
563 943 614 1010 Re
632 944 745 1010 advisa
761 950 876 1030 queste
894 940 1058 1028 Signoria,
1070 963 1163 1008 oomo
1179 941 1267 1007 ultre
1282 940 1303 1004 l'
1314 940 1558 1024 expugnatione

418 1051 472 1118 del
489 1052 579 1118 dicto
596 1051 756 1120 Bastione
777 1051 799 1119 li
817 1053 941 1119 Turohi
959 1074 1037 1119 sono
1055 1053 1154 1118 etiam
1179 1050 1265 1116 corsi
1288 1049 1376 1116 nella
1390 1045 1560 1116 Veleehia

417 1163 572 1244 megiore,
604 1168 637 1228 et
668 1160 787 1228 diuouo
817 1161 848 1226 le
878 1159 989 1226 hunno
1005 1159 1225 1244 riaequistnta
1255 1163 1346 1226 tutta
1378 1163 1412 1222 et
1443 1156 1559 1222 henne
1665 1211 1666 1214 ,

416 1270 558 1354 taglieto
575 1269 618 1335 ad
633 1269 723 1354 pezzi
740 1269 924 1354 Draeuglia
940 1269 1112 1354 capitaneo
1130 1267 1186 1334 del
1202 1267 1291 1334 dicto
1306 1267 1367 1348 Re,
1391 1286 1451 1330 eon
1469 1263 1560 1328 eirea

418 1385 539 1463 quatro
555 1378 646 1444 mille
662 1399 808 1464 persone,
824 1385 858 1444 et
874 1378 1024 1444 similiter
1040 1376 1150 1443 hunno
1177 1382 1284 1443 morto
1310 1372 1457 1456 Bozrab,
1484 1371 1561 1457 Sig-

418 1509 497 1554 nore
522 1486 610 1552 della
635 1485 724 1552 dieta
740 1486 914 1569 Vulaohia‚
939 1487 972 1554 le
998 1485 1096 1572 quale
1122 1485 1254 1552 novella
1280 1484 1465 1568 eriputeto
1490 1501 1561 1565 qua

420 1595 522 1662 molto
539 1596 675 1662 sinistro
693 1600 726 1662 et
742 1596 931 1680 pernitiose,
947 1617 1005 1680 per
1021 1596 1045 1660 li
1057 1594 1237 1661 Christiani
1254 1602 1287 1661 et
1302 1595 1559 1660 mexinuemente

419 1703 491 1770 chel
506 1727 597 1790 pare,
613 1703 684 1770 ohel
701 1704 866 1790 prelibato
884 1703 983 1770 Rode
1000 1701 1151 1790 [lugaria
1167 1726 1228 1771 oon
1243 1704 1267 1770 li
1284 1704 1334 1788 suj
1353 1703 1441 1770 soliti
1458 1699 1560 1780 modi,

419 1813 550 1878 aeoenni
582 1835 649 1878 non
680 1819 800 1898 potera
831 1813 983 1880 resistere
1015 1813 1058 1880 ad
1090 1812 1174 1879 tanti
1207 1813 1330 1897 impeti,
1362 1811 1412 1877 sol
1440 1831 1459 1876 e
1492 1829 1560 1874 non

421 1919 581 2004 adjunto.

528 2027 579 2092 La
594 2048 678 2094 nova
693 2033 783 2094 rolta
799 2051 815 2094 e
832 2035 938 2095 morte
954 2029 1008 2094 del
1024 2028 1119 2094 Duea
1143 2027 1183 2093 de
1199 2027 1406 2112 Bourgognu
1422 2047 1456 2090 se
1473 2024 1560 2090 ueri·
1665 2033 1666 2040 ³

419 2135 481 2201 fiee
499 2158 563 2220 que
578 2158 637 2216 per
653 2137 750 2202 molto
767 2139 815 2204 vie
832 2138 865 2201 in
882 2136 987 2218 modo,
1012 2136 1071 2202 ohe
1097 2137 1131 2201 la
1154 2159 1188 2202 se
1204 2141 1278 2202 tene
1303 2135 1495 2202 indubitate
1523 2139 1559 2198 et

419 2267 478 2330 per
501 2251 618 2330 questa
641 2243 753 2312 Ill-nra
778 2244 933 2330 Signoria
966 2267 1001 2310 se
1032 2245 1055 2310 li
1083 2245 1116 2311 la
1141 2245 1353 2330 grandissimi
1378 2242 1561 2321 oonnmnti,
1665 2313 1666 2316 Ἴ

419 2375 481 2418 eon
498 2351 661 2419 affirmare
681 2353 751 2418 chel
768 2352 981 2419 Serenissimo
1000 2353 1049 2418 Re
1067 2355 1107 2419 de
1124 2353 1255 2419 quaa
1280 2353 1404 2418 havera
1430 2351 1561 2434 grande

420 2461 603 2545 aptitudine
630 2465 663 2526 et
688 2461 774 2526 lerze
802 2461 844 2526 ad
861 2461 930 2527 iare
947 2461 986 2526 de
1003 2483 1085 2544 gran
1102 2483 1183 2546 cose,
1200 2461 1247 2526 sel
1264 2483 1343 2526 vora
1361 2481 1420 2543 per
1439 2459 1562 2542 forma,

420 2570 480 2635 ohe
496 2591 561 2654 que
578 2591 642 2636 nou
659 2591 691 2635 se
707 2591 748 2635 ue
765 2577 929 2636 alasenza
946 2570 1086 2656 qualche
1104 2571 1260 2656 umbreja.

530 2733 657 2794 (Milenoi
671 2735 833 2796 dllumltar.)

908 2877 1069 2890 t———ss-

952 3115 1027 3182 235.

421 3279 519 3343 1476.
536 3277 667 3365 Motyon
682 3279 795 3365 kirtly
811 3303 832 3343 a
848 3277 976 3343 saddczi
992 3278 1133 3346 tdhorho'l
1150 3303 1171 3343 a
1187 3279 1294 3344 ramat
1307 3283 1413 3367 popm
1430 3305 1451 3345 a
1469 3279 1565 3346 torol

421 3386 515 3450 alieni
531 3387 765 3472 hadju‘roldrdl
783 3389 814 3450 e's
830 3411 844 3449 e
861 3387 988 3450 rieaben
1006 3411 1027 3452 o
1045 3388 1219 3454 kivdoaloa
1234 3390 1411 3474 sepilpeze‘s
1425 3393 1565 3476 1111951ιί-

865 3495 930 3559 ban
946 3496 1115 3581 tuddsttjo.

528 3652 724 3722 Beatissimo
739 3655 774 3718 in
790 3654 924 3721 Christo
941 3656 1042 3722 Peter
1068 3661 1102 3721 et
1117 3655 1258 3722 Domine
1274 3655 1418 3724 Domine
1440 3655 1565 3722 (1011111-
1660 3693 1664 3714 ι

422 3761 562 3829 dissime.
579 3761 660 3827 Post
684 3761 801 3847 pedum
829 3761 940 3828 oscula
957 3761 1138 3830 beatorum.
1157 3763 1354 3832 Beatissimo
1371 3767 1481 3832 Pater.
1502 3766 1566 3830 Ex

421 3869 547 3938 duobus
563 3872 713 3937 brevibus
730 3871 850 3939 Vestro
869 3870 1073 3956 Sanctitatis‚
1099 3895 1160 3957 que
1177 3873 1229 3940 his
1254 3875 1412 3960 proximis
1438 3871 1564 3939 diebus

420 3980 501 4044 mihi
526 3980 654 4045 reddita
679 3985 764 4064 sunt,
789 3980 935 4045 intellexi
961 3981 1161 4064 singularem
1179 4003 1301 4069 euram,
1317 4006 1415 4069 quam
1431 3982 1565 4052 Vestra

422 4088 588 4154 Sanctitas
604 4088 644 4154 de
660 4089 757 4154 rebus
773 4087 912 4172 publicis
929 4087 1031 4154 habet
1055 4089 1316 4176 indefessumque
1342 4089 1494 4172 studium,
1524 4097 1567 4155 ut

420 4202 610 4280 potentatus
637 4195 819 4263 Christiani
843 4195 988 4280 presidia
1013 4195 1166 4264 adversus
1192 4221 1394 4266 communem
1425 4198 1564 4264 hostem

421 4305 540 4390 serent,
556 4311 755 4390 quantumve
772 4311 864 4388 optet
879 4311 913 4369 ut
940 4325 1001 4389 ego
1027 4305 1060 4368 in
1086 4306 1217 4392 incepta
1242 4330 1392 4392 empresn
1407 4311 1565 4393 perseve-

420 4435 486 4478 rem
507 4422 539 4480 et
555 4415 651 4498 plura
667 4411 745 4498 alia,
761 4435 824 4498 que
842 4415 951 4478 omnia
968 4435 1006 4477 eo
1024 4413 1118 4480 lilioli
1135 4417 1317 4501 devotione,
1345 4439 1411 4502 quo
1427 4439 1564 4500 semper

422 4523 538 4588 solitus
555 4545 635 4602 sum,
650 4522 715 4606 legi
733 4529 831 4606 etque
848 4523 983 4606 suscepi,
1000 4526 1125 4606 gratias
1151 4527 1300 4610 inprimis
1317 4546 1419 4611 egeus
1436 4524 1564 4594 Vestro
1661 4535 1663 4556 ¹
