3336 5252
639 325 640 329 ‘
662 357 757 420 14⁷7.
1205 355 1269 418 aar

138 541 317 607 eliduntur.
333 540 419 606 Pars
437 539 541 622 ipsius
565 537 728 604 exercitus
744 525 919 620 nuperime¹
928 536 1069 620 receptis
1084 536 1118 600 in
1135 534 1273 600 deditio·

138 672 212 716 nem
233 647 430 732 quibusdam
456 647 612 730 castellis,
635 669 701 712 non
725 645 841 731 procul
867 644 909 710 ab
936 644 998 710 hoc
1021 642 1141 728 oppido
1159 641 1272 710 Sancti

138 757 305 843 Hippoliti
322 758 470 842 superius
485 755 695 842 progreditur
721 753 893 821 Mellicum
917 775 1039 836 versus,
1064 753 1170 820 altera
1194 774 1272 819 vero

137 890 215 953 pars
241 867 404 933 exercitus
434 865 525 931 ultra
548 864 748 947 Danubium,
772 862 930 948 oppidum
954 861 1074 928 Breuis
1097 861 1272 929 munitissi-

136 998 226 1042 mum
241 973 381 1058 obsidet,
396 980 508 1040 tamen
531 994 597 1040 non
623 973 811 1040 dubitamus
837 979 870 1038 et
886 971 991 1056 ipsum
1007 969 1072 1036 cito
1089 970 1271 1054 expugnari

5 1151 6 1154 ,
137 1107 249 1170 posse3
275 1084 355 1169 quia
369 1082 592 1150 drabantones
607 1083 673 1164 isti,
689 1089 728 1148 ut
743 1079 855 1163 nostis,
871 1079 963 1148 nulla
983 1079 1130 1164 pericula
1144 1078 1270 1159 timent,

137 1217 197 1260 nec
213 1193 311 1260 etiam
336 1193 544 1260 manifestam
570 1197 722 1276 mortem,
745 1191 842 1256 modo
869 1211 980 1257 eorum
995 1189 1106 1256 Duces
1123 1210 1178 1256 eos
1192 1211 1271 1278 pro-

136 1304 229 1387 prius
245 1301 401 1368 accedere
413 1300 560 1386 jubeant,
576 1307 610 1366 et
626 1301 773 1383 quamvis
798 1299 908 1366 omnia
923 1297 968 1364 ad
983 1306 1062 1364 vota
1076 1297 1183 1382 Regie
1198 1297 1271 1364 Ma·

132 1411 266 1494 jestatis
281 1409 465 1488 succedant,
490 1410 547 1490 ita,
572 1415 610 1474 ut
633 1407 729 1473 firma
754 1428 827 1492 spes
852 1407 896 1472 sit
921 1405 1023 1472 totius
1048 1405 1154 1491 patrie
1179 1405 1271 1471 breui

135 1527 287 1604 tempore
318 1518 504 1598 obtinende,
530 1524 642 1583 tamen
674 1517 746 1601 ipsa
777 1516 887 1599 Regia
917 1514 1080 1600 MaJ'estas
1110 1515 1271 1580 inclinata
1378 1529 1382 1534 '

135 1628 246 1712 potius
262 1633 379 1694 contra
395 1625 528 1708 Turcos,
554 1647 654 1710 quam
669 1623 907 1708 Imperatorem
932 1623 983 1688 vel
1008 1623 1091 1690 alios
1108 1620 1269 1690 Christia-

135 1757 203 1818 nos,
219 1736 354 1802 diversis
369 1734 473 1801 modis
489 1755 604 1820 pacem
627 1756 700 1800 cum
717 1735 789 1818 ipso
805 1731 926 1798 Oesare
947 1739 1096 1816 quesunt,
1112 1753 1189 1797 nam
1204 1731 1270 1816 pri-

135 1867 225 1910 mum
256 1841 435 1909 Dominum
466 1841 708 1910 Varadiensem
738 1842 941 1927 Episcopum
980 1847 1014 1907 et
1052 1839 1269 1926 Magnificum

134 1953 317 2021 Dominum
341 1952 518 2019 Nicolaum
542 1951 641 2020 Banfi
666 1953 709 2018 ad
725 1952 936 2037 Imperialem
952 1950 1173 2037 Majestatem,
1197 1971 1270 2016 oum

135 2063 257 2146 quibus
281 2064 379 2130 etiam
406 2069 440 2128 et
463 2063 533 2147 ipse
557 2063 719 2130 Dominus
735 2060 885 2147 Angelus
909 2066 1022 2128 noster
1046 2061 1113 2144 ivit,
1130 2068 1164 2127 et
1189 2060 1270 2144 ipsis
1334 2130 1335 2135 γ

132 2194 171 2238 re
195 2171 317 2238 inlecta
340 2170 564 2253 redeuntibus,
588 2194 647 2238 nos
678 2193 752 2237 cum
783 2173 896 2239 eodem
927 2170 1091 2255 Episcopo
1125 2168 1268 2235 Domino

134 2279 432 2348 GemiteEmerieo
450 2277 679 2346 Gubernatore
708 2287 742 2346 et
757 2280 873 2346 eodem
889 2278 1029 2346 Nicolao
1053 2277 1150 2346 Bauli
1166 2279 1270 2363 preci·

132 2391 209 2472 puis
224 2387 436 2472 Principibus
451 2387 559 2472 Regni
574 2387 749 2474 Hungarie
774 2388 817 2454 ad
834 2390 939 2474 ipsum
955 2385 1111 2453 Cesarem
1128 2388 1268 2454 destina·

132 2517 217 2577 mur,
237 2496 289 2560 cui
313 2517 334 2561 a
358 2495 541 2581 Majestate
566 2495 675 2581 Regia
699 2497 806 2563 denuc
832 2517 948 2582 pacem
973 2497 1154 2579 offeremus,
1171 2495 1268 2563 modo

130 2603 227 2669 illam
239 2604 339 2688 justis
356 2610 390 2670 et
405 2603 551 2670 honestis
576 2604 692 2670 mediis
717 2606 874 2689 amplecti
898 2605 1045 2688 voluerit,
1062 2625 1123 2690 pro
1140 2625 1206 2688 qua
1231 2627 1268 2671 rc

132 2711 360 2780 concludenda
376 2721 475 2799 atque
491 2713 654 2780 firmanda
664 2714 743 2780 totis
752 2713 874 2782 viribus
890 2715 1044 2780 enitimur
1060 2719 1094 2779 et
1108 2713 1268 2780 indefesse

128 2819 329 2906 laboramus,
340 2821 429 2888 infra
437 2823 583 2889 triduum
593 2823 665 2891 Deo
676 2824 873 2890 concedente
889 2823 977 2907 apud
991 2823 1095 2907 ipsam
1105 2821 1265 2907 Imperia·

129 2928 196 2994 lem
227 2928 426 2996 Maestatem
458 2931 701 2999 constituemur.
720 2917 848 3014 Siquid
874 2931 920 2997 ibi
945 2929 1067 2996 factum
1095 2928 1205 3014 suerit,
1230 2937 1268 2996 ut

129 3035 223 3102 vobis
253 3037 443 3120 quantotius
467 3038 638 3120 inolescat,
675 3037 871 3120 curabimus,
896 3037 1023 3104 interea
1046 3037 1128 3103 bene
1153 3038 1267 3104 valete.

129 3145 185 3211 Ex
201 3144 305 3212 Sento
325 3145 512 3230 Hyppolito
530 3151 559 3212 7.
576 3147 731 3216 Octobris
750 3149 845 3212 1477.

726 3252 767 3321 G.
785 3253 970 3340 Episcopus
985 3251 1162 3339 Agriensis

672 3363 870 3449 Apostolice
887 3363 982 3432 Sedis
997 3365 1145 3449 negatus
1161 3370 1221 3431 eet.

242 3469 370 3532 (munti
380 3471 540 3535 allemutr.)

128 4033 227 4098 1477.
244 4033 418 4098 Garcrdua
432 4033 471 4098 de
489 4032 589 4100 Celtis
614 4035 647 4098 da
671 4039 764 4100 letrau
789 4035 892 4100 auvert
909 4035 1063 4121 jeleate'sc
1086 4063 1108 4102 c
1124 4039 1264 4105 milduo'r'

126 4141 313 4228 berczeybez
329 4165 352 4205 a
367 4142 469 4206 adoret
495 4145 626 4206 aesna
652 4143 684 4207 ἑο
700 4165 843 4231 mapyar
858 4144 973 4229 barely
999 4145 1085 4211 kbztc'
1099 4147 1265 4232 ciszdlyclc

481 4249 707 4338 bieyyealite're
724 4253 917 4337 tdrpydbau.

237 4425 458 4494 Illustrissimi
487 4435 521 4495 et
545 4429 823 4496 Excellentissimi
848 4430 991 4517 Signori.
1017 4432 1050 4499 N
1053 4455 1094 4499 on
1126 4433 1264 4502 bavemo

124 4555 187 4622 per
204 4535 333 4602 camino
358 4536 392 4602 in
416 4537 450 4606 la
475 4537 638 4605 ritomata
663 4543 777 4606 nostra
801 4540 915 4608 scritto
939 4541 1059 4609 alcuna
1084 4563 1162 4612 cosa
1185 4543 1262 4614 aV.
