3334 5276
657 759 707 820 15.

114 937 215 1002 1466.
232 936 407 1003 &erardus
422 937 459 1002 de
476 937 577 1004 Collis
592 938 745 1002 odeoezoi
760 939 911 1004 ko'vetmk
928 961 948 1002 a
963 940 1247 1028 mildooifejedele

115 1045 245 1111 melchos
271 1046 318 1109 ἰή
343 1044 573 1110 ίιιᾱόείέάεάόόὶ
598 1049 868 1132 mapparorozcipi
891 1047 1049 1133 dolpokra
1075 1047 1247 1113 oooatkono

609 1152 751 1218 kivooat.

117 1363 125 1380 .
150 1364 158 1379 .
185 1366 192 1380 .
215 1313 364 1380 Ulterius
390 1313 504 1379 odviso
520 1311 641 1380 Vestro
658 1310 869 1396 Oelsitudr'rre‚
884 1335 975 1381 como
992 1321 1109 1398 questa
1123 1316 1249 1382 matins

6 1509 7 1512 Ἴ
114 1445 156 1489 ne
174 1427 306 1489 tornato
323 1421 441 1504 quello,
458 1419 517 1486 ohe
532 1419 734 1486 mondasimo
751 1421 784 1486 in
801 1421 979 1506 Hungaria
1002 1445 1060 1510 per
1084 1423 1249 1490 destinere

114 1529 225 1616 quello
241 1529 466 1596 Marohionem
482 1527 525 1594 da
541 1529 575 1594 la
589 1528 726 1612 Zoeeho,
737 1528 797 1596 ohe
812 1531 942 1597 osasino
952 1529 1060 1598 Zonni
1071 1532 1249 1613 Tedosoho,

113 1647 150 1705 et
165 1639 210 1704 ha
225 1643 356 1722 portato
373 1637 488 1702 lettere
505 1636 545 1702 de
560 1635 593 1702 lo
610 1633 858 1704 Ambassodore
877 1637 918 1704 de
928 1638 962 1704 lo
978 1637 1139 1724 Signoria,
1156 1661 1247 1706 oomo

113 1747 147 1813 lo
163 1747 215 1812 Re
231 1747 276 1812 ha
300 1745 386 1812 sacto
412 1745 576 1812 destinere
601 1744 686 1811 dioto
712 1746 940 1829 Melchionem,
965 1746 1089 1812 onohor
1107 1749 1166 1813 ohe
1184 1749 1248 1814 Po·

113 1856 225 1937 niono,
241 1857 264 1920 li
291 1855 409 1920 havere
434 1854 521 1919 facto
547 1854 636 1920 salvo
662 1854 829 1921 conducto.
855 1854 924 1921 Pur
948 1856 980 1920 lo
1007 1855 1057 1920 Re
1082 1855 1115 1922 la
1139 1857 1248 1921 voluto

113 1965 227 2044 hever,
251 1984 291 2027 ne
316 1963 347 2028 le
375 1985 471 2030 mano
497 1985 514 2025 e
539 1961 573 2026 la
596 1963 787 2045 consignato
813 1963 856 2028 ad
882 1986 945 2029 uno
978 1985 1036 2029 suo
1063 1961 1249 2048 Capitonis

114 2077 149 2135 et
166 2069 306 2136 essendo
321 2070 445 2154 partito
462 2069 549 2134 dioto
565 2069 614 2134 Re
631 2069 673 2134 da
689 2068 880 2152 Ysagobrio
904 2093 964 2154 per
988 2073 1092 2138 endor
1106 2094 1127 2136 a
1143 2071 1249 2153 Euda,

112 2180 147 2244 lo
164 2175 200 2244 fa
215 2199 326 2242 menar
342 2177 628 2260 dreto,ligato.oon
638 2183 750 2242 catone
767 2177 807 2241 de
823 2176 919 2244 ferro.
931 2179 1089 2260 Fauiano
1106 2179 1158 2246 alo
1170 2180 1246 2262 quel

113 2284 228 2369 drizay
245 2285 278 2350 la
292 2285 419 2366 lettera,
436 2284 496 2349 ohe
512 2283 633 2352 Vestro
657 2285 862 2350 Excellentie
887 2309 937 2350 me
963 2283 1126 2353 mandono
1152 2309 1250 2354 senza

113 2395 347 2476 soprasoripto
380 2392 491 2459 Sorive
521 2393 555 2458 la
579 2391 704 2458 inclusa
729 2417 749 2458 a
774 2392 894 2460 Vestro
909 2394 1121 2476 Excellentie‚
1154 2393 1184 2461 io
1216 2396 1249 2461 lo

112 2508 241 2586 aperta,
252 2501 369 2586 perche
380 2523 509 2586 sopore,
520 2501 577 2566 ohe
592 2501 670 2566 l'ero
686 2501 856 2585 dequesta
872 2503 1011 2569 materia
1028 2526 1085 2586 per
1100 2525 1250 2588 saperme

9 2651 12 2664 ι
113 2632 298 2694 guvernare
314 2631 375 2676 oon
392 2610 425 2674 la
441 2609 604 2693 Signoria,
619 2609 674 2675 ola
691 2608 768 2691 qual
784 2607 826 2675 ho
843 2611 972 2694 parleto
989 2617 1105 2694 questa
1121 2611 1250 2678 matina

1 2758 7 2769 ·
113 2719 319 2802 largomente
344 2741 440 2802 sopra
464 2723 578 2802 questo
605 2717 700 2799 facto,
726 2718 925 2802 pregandole
950 2741 1007 2802 per
1022 2726 1116 2804 parte
1131 2717 1250 2787 Vestro

112 2827 329 2908 Excellentie,
354 2826 463 2910 voglio
494 2847 640 2910 operare,
665 2825 724 2891 ohe
750 2831 866 2910 questo
894 2827 1084 2892 molfaotore
1110 2828 1158 2891 sia
1178 2849 1250 2894 oon·

2 3017 3 3030 2
113 2933 214 3000 duoto
230 2957 296 3018 qua
311 2958 332 3001 a
347 2933 495 3014 Venetia,
511 2956 576 3000 non
591 2934 634 3000 ad
651 2933 736 3000 altro
751 2936 823 3014 fine,
840 2935 930 3000 salvo
947 2933 1005 2999 ohe
1022 2955 1079 3017 per
1102 2934 1200 3002 hever
1226 2935 1250 3000 li

114 3043 224 3108 dinari
242 3042 281 3107 de
297 3043 320 3107 li
335 3041 553 3109 merehatanti
577 3043 707 3126 perduti
732 3064 824 3109 como
849 3042 891 3108 he
917 3042 1062 3122 honesto,
1080 3043 1247 3127 digandoli

114 3152 226 3232 etiam,
242 3150 380 3217 chonon
396 3152 556 3218 horesaro
573 3150 668 3216 eloun
679 3153 819 3235 rispecto
837 3171 857 3214 a
873 3149 1013 3216 mandor
1031 3172 1090 3234 per
1105 3171 1176 3216 esso
1194 3151 1251 3216 ala

2 3279 3 3288 ¹
113 3258 220 3342 taglia
245 3259 285 3324 de
310 3258 368 3325 111
394 3259 487 3324 milla
519 3260 582 3324 lire
606 3259 686 3324 dats
711 3280 770 3343 per
795 3259 829 3324 la
862 3256 1021 3342 Vngario,
1045 3258 1163 3341 perohe
1187 3278 1249 3342 nuy

2 3355 13 3446 J
113 3389 180 3432 non
198 3387 376 3450 curavemo,
396 3369 489 3433 sinon
505 3367 545 3432 de
570 3366 689 3432 harere
713 3365 737 3430 li
763 3367 869 3433 nostri
894 3365 1001 3431 dinari
1027 3365 1136 3431 robati
1152 3388 1169 3430 e
1185 3386 1250 3430 non

112 3497 190 3560 puy.
207 3475 257 3540 Lo
282 3474 413 3559 prefata
438 3473 592 3558 Signoria
615 3495 667 3540 me
690 3475 808 3557 risposi
833 3473 1084 3558 benignamente
1110 3473 1250 3540 eseoero

111 3583 220 3650 lezere
235 3583 355 3668 quello,
371 3583 395 3648 h'
412 3583 516 3652 hereo
536 3584 657 3666 scripto
674 3605 774 3668 sopra
799 3585 848 3650 oio
874 3583 906 3648 lo
930 3604 988 3648 suo
1014 3581 1251 3662 Ambasadore,

108 3714 177 3776 poy
193 3715 245 3758 me
262 3692 375 3758 dixero
394 3689 453 3758 ohe
478 3715 536 3777 per
562 3693 704 3776 rispeoto
729 3715 750 3757 a
765 3690 883 3759 Vestro
908 3691 1111 3758 Excellentie
1136 3690 1250 3757 sarano

2 3851 3 3854 η
110 3801 203 3868 omni
219 3822 321 3884 provo
336 3799 408 3866 olor
432 3801 598 3886 possibile,
614 3801 733 3885 perche
758 3799 781 3865 li
807 3799 886 3866 dieti
912 3800 1019 3868 dineri
1044 3802 1072 3867 si
1096 3799 1249 3868 habiano.

113 3907 240 3992 Quindi
267 3909 486 3976 Illustrissimi
512 3907 662 3996 Signorie
685 3931 706 3974 a
730 3929 782 3973 me
808 3908 940 3994 periris,
957 3910 1015 3974 ohe
1031 3908 1112 3975 dieti
1127 3929 1250 3975 meroa-

2 4049 3 4052 ¹
113 4017 202 4082 tanti
218 4016 412 4084 mandasero
429 4015 499 4084 olor
517 4038 611 4102 spese
628 4039 702 4100 uno,
718 4015 777 4082 ohe
788 4022 936 4101 portasse
951 4016 1068 4083 lettere
1080 4016 1120 4082 de
1130 4014 1250 4084 Vestro

113 4125 319 4194 Exoellentie
336 4124 390 4192 alo
405 4124 534 4210 prefato
550 4124 601 4191 Re
618 4147 636 4192 e
651 4146 672 4191 a
688 4124 847 4192 Panieno.
865 4124 936 4190 Che
952 4124 1113 4191 secessero
1130 4123 1248 4190 exemi-

112 4257 175 4302 nar
191 4237 305 4319 eustuy
331 4254 391 4299 oon
415 4233 449 4300 la
474 4233 575 4300 corda
590 4256 608 4299 e
623 4232 709 4302 ferlo
735 4232 929 4316 confessore,
945 4233 1057 4318 quanti
1082 4231 1190 4298 dinari
1206 4232 1249 4297 ho

115 4349 249 4427 porteto
265 4363 325 4409 oon
341 4343 404 4428 luy,
422 4365 440 4408 e
456 4345 571 4427 quanti
587 4365 628 4408 ne
645 4343 688 4410 ha
704 4342 824 4409 lassato
840 4365 860 4408 a
878 4363 936 4408 suo
953 4349 1055 4428 patre,
1081 4365 1098 4408 e
1123 4348 1250 4408 trovase

110 4450 206 4516 modo
225 4451 266 4515 de
282 4450 383 4516 haver
399 4452 455 4534 piu
471 4451 580 4516 dinari
596 4450 667 4516 fuse
683 4449 837 4533 possibile
862 4450 905 4515 da
922 4453 1037 4533 questo
1053 4448 1192 4533 ribaldo,
1217 4451 1249 4516 io

110 4557 164 4624 del
182 4563 277 4623 canto
293 4559 358 4624 mio
374 4579 438 4624 non
454 4557 477 4624 li
493 4558 670 4626 manoharo
687 4557 727 4624 de
743 4579 835 4625 sossa
851 4557 971 4625 aleuno
987 4561 1161 4640 oportuna.
