<?xml version="1.0" encoding="UTF-8"?>
<!DOCTYPE html PUBLIC "-//W3C//DTD XHTML 1.0 Transitional//EN"
    "http://www.w3.org/TR/xhtml1/DTD/xhtml1-transitional.dtd">
<html xmlns="http://www.w3.org/1999/xhtml" xml:lang="en" lang="en">
 <head>
  <title>
</title>
<meta http-equiv="Content-Type" content="text/html;charset=utf-8" />
  <meta name='ocr-system' content='tesseract 3.04.00' />
  <meta name='ocr-capabilities' content='ocr_page ocr_carea ocr_par ocr_line ocrx_word'/>
</head>
<body>
  <div class='ocr_page' id='page_1' title='image "./magyardiplomacz00mattgoog_0290.png"; bbox 0 0 3340 5260; ppageno 0'>
   <div class='ocr_carea' id='block_1_1' title="bbox 661 307 1273 431">
    <p class='ocr_par' dir='ltr' id='par_1_1' title="bbox 661 307 1273 431">
     <span class='ocr_line' id='line_1_1' title="bbox 661 307 1273 431; baseline -0.002 -1"><span class='ocrx_word' id='word_1_1' title='bbox 661 360 760 431; x_wconf 76' lang='lat' dir='ltr'>ruo.</span> <span class='ocrx_word' id='word_1_2' title='bbox 948 307 950 311; x_wconf 33' lang='lat'>⁵</span> <span class='ocrx_word' id='word_1_3' title='bbox 1208 357 1273 430; x_wconf 75' lang='lat' dir='ltr'>nte</span> 
     </span>
    </p>
   </div>
   <div class='ocr_carea' id='block_1_2' title="bbox 139 541 1274 652">
    <p class='ocr_par' dir='ltr' id='par_1_2' title="bbox 139 541 1274 652">
     <span class='ocr_line' id='line_1_2' title="bbox 139 541 1274 652; baseline 0 -22"><span class='ocrx_word' id='word_1_4' title='bbox 139 572 221 632; x_wconf 86' lang='lat' dir='ltr'>runt</span> <span class='ocrx_word' id='word_1_5' title='bbox 231 573 342 652; x_wconf 89' lang='lat' dir='ltr'>partes</span> <span class='ocrx_word' id='word_1_6' title='bbox 352 566 509 651; x_wconf 87' lang='lat' dir='ltr'>predicte,</span> <span class='ocrx_word' id='word_1_7' title='bbox 534 565 836 649; x_wconf 87' lang='lat' dir='ltr'>promisseruntque</span> <span class='ocrx_word' id='word_1_8' title='bbox 847 569 881 628; x_wconf 92' lang='lat' dir='ltr'>et</span> <span class='ocrx_word' id='word_1_9' title='bbox 904 541 1102 646; x_wconf 87' lang='lat' dir='ltr'>promittunt</span> <span class='ocrx_word' id='word_1_10' title='bbox 1121 569 1274 648; x_wconf 88' lang='lat' dir='ltr'>utsupra</span> 
     </span>
    </p>
   </div>
   <div class='ocr_carea' id='block_1_3' title="bbox 5 670 1320 1088">
    <p class='ocr_par' dir='ltr' id='par_1_3' title="bbox 5 670 1320 1088">
     <span class='ocr_line' id='line_1_3' title="bbox 5 670 1320 756; baseline -0.001 -19"><span class='ocrx_word' id='word_1_11' title='bbox 5 689 7 718; x_wconf 83' lang='lat'>³</span> <span class='ocrx_word' id='word_1_12' title='bbox 138 672 228 756; x_wconf 89' lang='lat' dir='ltr'>quod</span> <span class='ocrx_word' id='word_1_13' title='bbox 245 675 274 742; x_wconf 92' lang='lat' dir='ltr'>si</span> <span class='ocrx_word' id='word_1_14' title='bbox 291 673 498 740; x_wconf 87' lang='lat' dir='ltr'>deveniretur</span> <span class='ocrx_word' id='word_1_15' title='bbox 515 674 558 740; x_wconf 91' lang='lat' dir='ltr'>ad</span> <span class='ocrx_word' id='word_1_16' title='bbox 575 673 696 739; x_wconf 92' lang='lat' dir='ltr'>bellum</span> <span class='ocrx_word' id='word_1_17' title='bbox 714 678 830 738; x_wconf 85' lang='lat' dir='ltr'>eontra</span> <span class='ocrx_word' id='word_1_18' title='bbox 847 670 1002 754; x_wconf 87' lang='lat' dir='ltr'>Venetos,</span> <span class='ocrx_word' id='word_1_19' title='bbox 1029 670 1118 754; x_wconf 92' lang='lat' dir='ltr'>quod</span> <span class='ocrx_word' id='word_1_20' title='bbox 1143 671 1273 756; x_wconf 90' lang='lat' dir='ltr'>quidem</span> <span class='ocrx_word' id='word_1_21' title='bbox 1318 743 1320 748; x_wconf 55' lang='grc'>,</span> 
     </span>
     <span class='ocr_line' id='line_1_4' title="bbox 5 777 1269 867; baseline -0.003 -21"><span class='ocrx_word' id='word_1_22' title='bbox 5 791 8 858; x_wconf 64' lang='grc' dir='ltr'>ζ</span> <span class='ocrx_word' id='word_1_23' title='bbox 136 777 264 846; x_wconf 88' lang='lat' dir='ltr'>bellum</span> <span class='ocrx_word' id='word_1_24' title='bbox 282 781 322 847; x_wconf 91' lang='lat' dir='ltr'>de</span> <span class='ocrx_word' id='word_1_25' title='bbox 338 784 509 867; x_wconf 88' lang='lat' dir='ltr'>utriusque</span> <span class='ocrx_word' id='word_1_26' title='bbox 525 782 629 865; x_wconf 86' lang='lat' dir='ltr'>partis</span> <span class='ocrx_word' id='word_1_27' title='bbox 646 801 815 862; x_wconf 85' lang='lat' dir='ltr'>consensu,</span> <span class='ocrx_word' id='word_1_28' title='bbox 832 779 968 844; x_wconf 85' lang='lat' dir='ltr'>consilio</span> <span class='ocrx_word' id='word_1_29' title='bbox 984 785 1018 844; x_wconf 92' lang='lat' dir='ltr'>et</span> <span class='ocrx_word' id='word_1_30' title='bbox 1034 777 1269 845; x_wconf 82' lang='lat' dir='ltr'>deliberatione</span> 
     </span>
     <span class='ocr_line' id='line_1_5' title="bbox 5 869 1271 982; baseline -0.002 -28"><span class='ocrx_word' id='word_1_31' title='bbox 5 973 7 982; x_wconf 81' lang='lat'>.</span> <span class='ocrx_word' id='word_1_32' title='bbox 134 869 364 975; x_wconf 68' lang='lat' dir='ltr'>communique</span> <span class='ocrx_word' id='word_1_33' title='bbox 391 892 558 957; x_wconf 84' lang='lat' dir='ltr'>voluntate</span> <span class='ocrx_word' id='word_1_34' title='bbox 575 913 614 955; x_wconf 87' lang='lat' dir='ltr'>ao</span> <span class='ocrx_word' id='word_1_35' title='bbox 630 912 665 954; x_wconf 93' lang='lat' dir='ltr'>re</span> <span class='ocrx_word' id='word_1_36' title='bbox 682 889 771 975; x_wconf 87' lang='lat' dir='ltr'>prius</span> <span class='ocrx_word' id='word_1_37' title='bbox 788 890 875 953; x_wconf 89' lang='lat' dir='ltr'>inter</span> <span class='ocrx_word' id='word_1_38' title='bbox 892 908 927 952; x_wconf 88' lang='lat' dir='ltr'>se</span> <span class='ocrx_word' id='word_1_39' title='bbox 943 887 1127 952; x_wconf 77' lang='lat' dir='ltr'><strong>consultata</strong></span> <span class='ocrx_word' id='word_1_40' title='bbox 1143 893 1177 952; x_wconf 91' lang='lat' dir='ltr'>et</span> <span class='ocrx_word' id='word_1_41' title='bbox 1191 888 1271 953; x_wconf 90' lang='lat' dir='ltr'>deli·</span> 
     </span>
     <span class='ocr_line' id='line_1_6' title="bbox 5 994 1273 1088; baseline 0.002 -27"><span class='ocrx_word' id='word_1_42' title='bbox 5 1053 7 1088; x_wconf 75' lang='lat' dir='ltr'>r</span> <span class='ocrx_word' id='word_1_43' title='bbox 131 996 254 1064; x_wconf 87' lang='lat' dir='ltr'>berata</span> <span class='ocrx_word' id='word_1_44' title='bbox 293 999 386 1064; x_wconf 89' lang='lat' dir='ltr'>fieret</span> <span class='ocrx_word' id='word_1_45' title='bbox 410 1006 469 1064; x_wconf 89' lang='lat' dir='ltr'>aut</span> <span class='ocrx_word' id='word_1_46' title='bbox 493 1004 694 1078; x_wconf 76' lang='lat' dir='ltr'>moveretur,</span> <span class='ocrx_word' id='word_1_47' title='bbox 735 997 822 1079; x_wconf 87' lang='lat' dir='ltr'>quod</span> <span class='ocrx_word' id='word_1_48' title='bbox 854 994 999 1062; x_wconf 86' lang='lat' dir='ltr'>Venetos</span> <span class='ocrx_word' id='word_1_49' title='bbox 1039 996 1127 1080; x_wconf 87' lang='lat' dir='ltr'>ipsos</span> <span class='ocrx_word' id='word_1_50' title='bbox 1159 1003 1273 1063; x_wconf 86' lang='lat' dir='ltr'>contra</span> 
     </span>
    </p>
   </div>
   <div class='ocr_carea' id='block_1_4' title="bbox 133 1103 1336 1302">
    <p class='ocr_par' dir='ltr' id='par_1_4' title="bbox 133 1103 1336 1302">
     <span class='ocr_line' id='line_1_7' title="bbox 136 1103 1336 1190; baseline -0.003 -19"><span class='ocrx_word' id='word_1_51' title='bbox 136 1127 223 1188; x_wconf 91' lang='lat' dir='ltr'>quos</span> <span class='ocrx_word' id='word_1_52' title='bbox 248 1105 369 1172; x_wconf 89' lang='lat' dir='ltr'>bellum</span> <span class='ocrx_word' id='word_1_53' title='bbox 386 1112 529 1190; x_wconf 81' lang='lat' dir='ltr'>geretur,</span> <span class='ocrx_word' id='word_1_54' title='bbox 545 1113 659 1171; x_wconf 91' lang='lat' dir='ltr'>mutuo</span> <span class='ocrx_word' id='word_1_55' title='bbox 676 1111 708 1170; x_wconf 88' lang='lat' dir='ltr'>et</span> <span class='ocrx_word' id='word_1_56' title='bbox 724 1105 866 1171; x_wconf 85' lang='lat' dir='ltr'>vicissim</span> <span class='ocrx_word' id='word_1_57' title='bbox 883 1125 943 1187; x_wconf 89' lang='lat' dir='ltr'>pro</span> <span class='ocrx_word' id='word_1_58' title='bbox 962 1104 1101 1172; x_wconf 84' lang='lat' dir='ltr'>inimicis</span> <span class='ocrx_word' id='word_1_59' title='bbox 1116 1109 1149 1170; x_wconf 91' lang='lat' dir='ltr'>et</span> <span class='ocrx_word' id='word_1_60' title='bbox 1173 1103 1261 1170; x_wconf 88' lang='lat' dir='ltr'>hosti</span> <span class='ocrx_word' id='word_1_61' title='bbox 1335 1179 1336 1182; x_wconf 8' lang='grc' dir='ltr'><strong>Ἴ</strong></span> 
     </span>
     <span class='ocr_line' id='line_1_8' title="bbox 133 1213 1271 1302; baseline 0.001 -24"><span class='ocrx_word' id='word_1_62' title='bbox 133 1213 200 1280; x_wconf 93' lang='lat' dir='ltr'>bus</span> <span class='ocrx_word' id='word_1_63' title='bbox 216 1215 381 1283; x_wconf 87' lang='lat' dir='ltr'>habebunt</span> <span class='ocrx_word' id='word_1_64' title='bbox 396 1223 429 1282; x_wconf 88' lang='lat' dir='ltr'>et</span> <span class='ocrx_word' id='word_1_65' title='bbox 459 1217 669 1302; x_wconf 85' lang='lat' dir='ltr'>reputabunt,</span> <span class='ocrx_word' id='word_1_66' title='bbox 695 1219 728 1278; x_wconf 90' lang='lat' dir='ltr'>et</span> <span class='ocrx_word' id='word_1_67' title='bbox 759 1213 848 1296; x_wconf 90' lang='lat' dir='ltr'>quod</span> <span class='ocrx_word' id='word_1_68' title='bbox 863 1213 984 1280; x_wconf 91' lang='lat' dir='ltr'>bellum</span> <span class='ocrx_word' id='word_1_69' title='bbox 1002 1215 1158 1298; x_wconf 83' lang='lat' dir='ltr'>adversus</span> <span class='ocrx_word' id='word_1_70' title='bbox 1183 1214 1271 1298; x_wconf 83' lang='lat' dir='ltr'>ipsos</span> 
     </span>
    </p>
   </div>
   <div class='ocr_carea' id='block_1_5' title="bbox 5 1321 1269 1407">
    <p class='ocr_par' dir='ltr' id='par_1_5' title="bbox 5 1321 1269 1407">
     <span class='ocr_line' id='line_1_9' title="bbox 5 1321 1269 1407; baseline -0.002 -19"><span class='ocrx_word' id='word_1_71' title='bbox 5 1351 7 1382; x_wconf 73' lang='grc'>;</span> <span class='ocrx_word' id='word_1_72' title='bbox 134 1323 292 1406; x_wconf 86' lang='lat' dir='ltr'>indicent,</span> <span class='ocrx_word' id='word_1_73' title='bbox 308 1323 429 1390; x_wconf 84' lang='lat' dir='ltr'>facient</span> <span class='ocrx_word' id='word_1_74' title='bbox 446 1331 478 1390; x_wconf 86' lang='lat' dir='ltr'>et</span> <span class='ocrx_word' id='word_1_75' title='bbox 492 1329 607 1407; x_wconf 80' lang='lat' dir='ltr'>gerent</span> <span class='ocrx_word' id='word_1_76' title='bbox 624 1345 697 1388; x_wconf 86' lang='lat' dir='ltr'>oum</span> <span class='ocrx_word' id='word_1_77' title='bbox 711 1322 861 1386; x_wconf 88' lang='lat' dir='ltr'>omnibus</span> <span class='ocrx_word' id='word_1_78' title='bbox 878 1324 987 1407; x_wconf 85' lang='lat' dir='ltr'>regnis</span> <span class='ocrx_word' id='word_1_79' title='bbox 1005 1321 1153 1403; x_wconf 89' lang='lat' dir='ltr'>statibus,</span> <span class='ocrx_word' id='word_1_80' title='bbox 1170 1322 1269 1387; x_wconf 83' lang='lat' dir='ltr'>duca·</span> 
     </span>
    </p>
   </div>
   <div class='ocr_carea' id='block_1_6' title="bbox 53 1431 1272 1624">
    <p class='ocr_par' dir='ltr' id='par_1_6' title="bbox 53 1431 1272 1624">
     <span class='ocr_line' id='line_1_10' title="bbox 53 1431 1272 1520; baseline 0 -25"><span class='ocrx_word' id='word_1_81' title='bbox 53 1505 57 1508; x_wconf 46' lang='grc'><strong>,</strong></span> <span class='ocrx_word' id='word_1_82' title='bbox 134 1431 237 1512; x_wconf 89' lang='lat' dir='ltr'>tibus,</span> <span class='ocrx_word' id='word_1_83' title='bbox 248 1434 496 1520; x_wconf 82' lang='lat' dir='ltr'>principatibus,</span> <span class='ocrx_word' id='word_1_84' title='bbox 508 1432 659 1498; x_wconf 90' lang='lat' dir='ltr'>dominiis</span> <span class='ocrx_word' id='word_1_85' title='bbox 670 1437 703 1497; x_wconf 92' lang='lat' dir='ltr'>et</span> <span class='ocrx_word' id='word_1_86' title='bbox 720 1431 859 1496; x_wconf 85' lang='lat' dir='ltr'>subditis</span> <span class='ocrx_word' id='word_1_87' title='bbox 872 1432 949 1511; x_wconf 89' lang='lat' dir='ltr'>suis,</span> <span class='ocrx_word' id='word_1_88' title='bbox 965 1438 1036 1496; x_wconf 90' lang='lat' dir='ltr'>toto</span> <span class='ocrx_word' id='word_1_89' title='bbox 1053 1453 1110 1496; x_wconf 90' lang='lat' dir='ltr'>sno</span> <span class='ocrx_word' id='word_1_90' title='bbox 1127 1453 1222 1517; x_wconf 89' lang='lat' dir='ltr'>posse</span> <span class='ocrx_word' id='word_1_91' title='bbox 1239 1435 1272 1496; x_wconf 91' lang='lat' dir='ltr'>et</span> 
     </span>
     <span class='ocr_line' id='line_1_11' title="bbox 132 1539 1272 1624; baseline -0.001 -20"><span class='ocrx_word' id='word_1_92' title='bbox 132 1561 199 1624; x_wconf 90' lang='lat' dir='ltr'>pro</span> <span class='ocrx_word' id='word_1_93' title='bbox 224 1540 319 1623; x_wconf 86' lang='lat' dir='ltr'>virili,</span> <span class='ocrx_word' id='word_1_94' title='bbox 353 1563 393 1606; x_wconf 85' lang='lat' dir='ltr'>ao</span> <span class='ocrx_word' id='word_1_95' title='bbox 418 1564 491 1606; x_wconf 89' lang='lat' dir='ltr'>eum</span> <span class='ocrx_word' id='word_1_96' title='bbox 518 1541 606 1606; x_wconf 92' lang='lat' dir='ltr'>omni</span> <span class='ocrx_word' id='word_1_97' title='bbox 630 1540 776 1623; x_wconf 88' lang='lat' dir='ltr'>ipsarum</span> <span class='ocrx_word' id='word_1_98' title='bbox 793 1539 937 1622; x_wconf 85' lang='lat' dir='ltr'>partium</span> <span class='ocrx_word' id='word_1_99' title='bbox 963 1542 1112 1622; x_wconf 85' lang='lat' dir='ltr'>potentia</span> <span class='ocrx_word' id='word_1_100' title='bbox 1127 1545 1160 1604; x_wconf 92' lang='lat' dir='ltr'>et</span> <span class='ocrx_word' id='word_1_101' title='bbox 1174 1539 1272 1604; x_wconf 84' lang='lat' dir='ltr'>facul-</span> 
     </span>
    </p>
   </div>
   <div class='ocr_carea' id='block_1_7' title="bbox 5 1637 1274 1732">
    <p class='ocr_par' dir='ltr' id='par_1_7' title="bbox 5 1637 1274 1732">
     <span class='ocr_line' id='line_1_12' title="bbox 5 1637 1274 1732; baseline 0.003 -22"><span class='ocrx_word' id='word_1_102' title='bbox 5 1637 7 1696; x_wconf 73' lang='grc' dir='ltr'>ἶ</span> <span class='ocrx_word' id='word_1_103' title='bbox 137 1653 218 1712; x_wconf 85' lang='lat' dir='ltr'>tate.</span> <span class='ocrx_word' id='word_1_104' title='bbox 243 1649 415 1715; x_wconf 82' lang='lat' dir='ltr'>Intelleoto</span> <span class='ocrx_word' id='word_1_105' title='bbox 439 1656 558 1730; x_wconf 88' lang='lat' dir='ltr'>tamen,</span> <span class='ocrx_word' id='word_1_106' title='bbox 573 1648 660 1732; x_wconf 91' lang='lat' dir='ltr'>quod</span> <span class='ocrx_word' id='word_1_107' title='bbox 685 1648 712 1711; x_wconf 90' lang='lat' dir='ltr'>si</span> <span class='ocrx_word' id='word_1_108' title='bbox 738 1647 844 1713; x_wconf 86' lang='lat' dir='ltr'>altera</span> <span class='ocrx_word' id='word_1_109' title='bbox 860 1647 1003 1731; x_wconf 92' lang='lat' dir='ltr'>ipsarum</span> <span class='ocrx_word' id='word_1_110' title='bbox 1020 1649 1162 1730; x_wconf 90' lang='lat' dir='ltr'>partium</span> <span class='ocrx_word' id='word_1_111' title='bbox 1179 1648 1274 1714; x_wconf 85' lang='lat' dir='ltr'>vellet</span> 
     </span>
    </p>
   </div>
   <div class='ocr_carea' id='block_1_8' title="bbox 134 1754 1270 1950">
    <p class='ocr_par' dir='ltr' id='par_1_8' title="bbox 134 1754 1270 1950">
     <span class='ocr_line' id='line_1_13' title="bbox 135 1754 1269 1840; baseline 0 -19"><span class='ocrx_word' id='word_1_112' title='bbox 135 1759 255 1822; x_wconf 83' lang='lat' dir='ltr'>eontra</span> <span class='ocrx_word' id='word_1_113' title='bbox 270 1758 360 1840; x_wconf 89' lang='lat' dir='ltr'>ipsos</span> <span class='ocrx_word' id='word_1_114' title='bbox 376 1755 521 1826; x_wconf 87' lang='lat' dir='ltr'>Venetos</span> <span class='ocrx_word' id='word_1_115' title='bbox 537 1757 577 1821; x_wconf 91' lang='lat' dir='ltr'>de</span> <span class='ocrx_word' id='word_1_116' title='bbox 594 1755 756 1822; x_wconf 81' lang='lat' dir='ltr'>communi</span> <span class='ocrx_word' id='word_1_117' title='bbox 773 1754 910 1821; x_wconf 88' lang='lat' dir='ltr'>alterius</span> <span class='ocrx_word' id='word_1_118' title='bbox 921 1756 1025 1839; x_wconf 87' lang='lat' dir='ltr'>partis</span> <span class='ocrx_word' id='word_1_119' title='bbox 1043 1755 1219 1822; x_wconf 83' lang='lat' dir='ltr'>concordia</span> <span class='ocrx_word' id='word_1_120' title='bbox 1237 1762 1269 1821; x_wconf 90' lang='lat' dir='ltr'>et</span> 
     </span>
     <span class='ocr_line' id='line_1_14' title="bbox 134 1865 1270 1950; baseline -0.004 -18"><span class='ocrx_word' id='word_1_121' title='bbox 134 1865 319 1949; x_wconf 82' lang='lat' dir='ltr'>voluntate,</span> <span class='ocrx_word' id='word_1_122' title='bbox 335 1873 372 1931; x_wconf 91' lang='lat' dir='ltr'>ut</span> <span class='ocrx_word' id='word_1_123' title='bbox 396 1887 496 1950; x_wconf 88' lang='lat' dir='ltr'>snpra</span> <span class='ocrx_word' id='word_1_124' title='bbox 511 1865 642 1948; x_wconf 89' lang='lat' dir='ltr'>bellum,</span> <span class='ocrx_word' id='word_1_125' title='bbox 667 1886 806 1944; x_wconf 82' lang='lat' dir='ltr'>movere,</span> <span class='ocrx_word' id='word_1_126' title='bbox 820 1869 971 1930; x_wconf 86' lang='lat' dir='ltr'>teneatur</span> <span class='ocrx_word' id='word_1_127' title='bbox 987 1885 1046 1948; x_wconf 89' lang='lat' dir='ltr'>per</span> <span class='ocrx_word' id='word_1_128' title='bbox 1071 1885 1128 1929; x_wconf 87' lang='lat' dir='ltr'>sex</span> <span class='ocrx_word' id='word_1_129' title='bbox 1144 1886 1270 1930; x_wconf 88' lang='lat' dir='ltr'>menses</span> 
     </span>
    </p>
   </div>
   <div class='ocr_carea' id='block_1_9' title="bbox 5 1972 1272 2055">
    <p class='ocr_par' dir='ltr' id='par_1_9' title="bbox 5 1972 1272 2055">
     <span class='ocr_line' id='line_1_15' title="bbox 5 1972 1272 2055; baseline -0.001 -16"><span class='ocrx_word' id='word_1_130' title='bbox 5 1989 6 1992; x_wconf 74' lang='grc'>’</span> <span class='ocrx_word' id='word_1_131' title='bbox 134 1980 238 2040; x_wconf 85' lang='lat' dir='ltr'>antea</span> <span class='ocrx_word' id='word_1_132' title='bbox 254 1974 422 2041; x_wconf 87' lang='lat' dir='ltr'>consulere</span> <span class='ocrx_word' id='word_1_133' title='bbox 438 1981 471 2040; x_wconf 90' lang='lat' dir='ltr'>et</span> <span class='ocrx_word' id='word_1_134' title='bbox 486 1975 688 2040; x_wconf 84' lang='lat' dir='ltr'>comunioare</span> <span class='ocrx_word' id='word_1_135' title='bbox 705 1995 779 2039; x_wconf 87' lang='lat' dir='ltr'>eum</span> <span class='ocrx_word' id='word_1_136' title='bbox 795 1973 901 2038; x_wconf 88' lang='lat' dir='ltr'>altera</span> <span class='ocrx_word' id='word_1_137' title='bbox 916 1976 1021 2055; x_wconf 88' lang='lat' dir='ltr'>parte,</span> <span class='ocrx_word' id='word_1_138' title='bbox 1058 1978 1094 2037; x_wconf 92' lang='grc' dir='ltr'>ιιι</span> <span class='ocrx_word' id='word_1_139' title='bbox 1119 1972 1272 2054; x_wconf 87' lang='lat' dir='ltr'>habilius,</span> 
     </span>
    </p>
   </div>
   <div class='ocr_carea' id='block_1_10' title="bbox 45 2083 1278 4451">
    <p class='ocr_par' dir='ltr' id='par_1_10' title="bbox 45 2083 1278 4451">
     <span class='ocr_line' id='line_1_16' title="bbox 136 2083 1271 2167; baseline -0.001 -19"><span class='ocrx_word' id='word_1_140' title='bbox 136 2084 305 2150; x_wconf 90' lang='lat' dir='ltr'>oomodius</span> <span class='ocrx_word' id='word_1_141' title='bbox 332 2089 365 2148; x_wconf 90' lang='lat' dir='ltr'>et</span> <span class='ocrx_word' id='word_1_142' title='bbox 389 2083 521 2150; x_wconf 85' lang='lat' dir='ltr'>facilius</span> <span class='ocrx_word' id='word_1_143' title='bbox 546 2088 661 2167; x_wconf 86' lang='lat' dir='ltr'>postea</span> <span class='ocrx_word' id='word_1_144' title='bbox 685 2103 744 2167; x_wconf 92' lang='lat' dir='ltr'>per</span> <span class='ocrx_word' id='word_1_145' title='bbox 769 2087 942 2166; x_wconf 90' lang='lat' dir='ltr'>utramque</span> <span class='ocrx_word' id='word_1_146' title='bbox 986 2088 1115 2166; x_wconf 87' lang='lat' dir='ltr'>partem</span> <span class='ocrx_word' id='word_1_147' title='bbox 1145 2084 1271 2167; x_wconf 83' lang='lat' dir='ltr'>possint</span> 
     </span>
     <span class='ocr_line' id='line_1_17' title="bbox 136 2189 1267 2275; baseline -0.003 -18"><span class='ocrx_word' id='word_1_148' title='bbox 136 2191 301 2258; x_wconf 83' lang='lat' dir='ltr'>exereitus</span> <span class='ocrx_word' id='word_1_149' title='bbox 327 2199 438 2275; x_wconf 87' lang='lat' dir='ltr'>gentes</span> <span class='ocrx_word' id='word_1_150' title='bbox 465 2197 499 2256; x_wconf 90' lang='lat' dir='ltr'>et</span> <span class='ocrx_word' id='word_1_151' title='bbox 524 2192 614 2274; x_wconf 88' lang='lat' dir='ltr'>oopie</span> <span class='ocrx_word' id='word_1_152' title='bbox 639 2190 766 2273; x_wconf 89' lang='lat' dir='ltr'>instrui,</span> <span class='ocrx_word' id='word_1_153' title='bbox 791 2197 824 2255; x_wconf 89' lang='lat' dir='ltr'>et</span> <span class='ocrx_word' id='word_1_154' title='bbox 841 2189 950 2256; x_wconf 87' lang='lat' dir='ltr'>omnia</span> <span class='ocrx_word' id='word_1_155' title='bbox 965 2190 1009 2255; x_wconf 89' lang='lat' dir='ltr'>ad</span> <span class='ocrx_word' id='word_1_156' title='bbox 1024 2191 1056 2256; x_wconf 93' lang='lat' dir='ltr'>id</span> <span class='ocrx_word' id='word_1_157' title='bbox 1075 2190 1197 2256; x_wconf 89' lang='lat' dir='ltr'>bellum</span> <span class='ocrx_word' id='word_1_158' title='bbox 1213 2209 1267 2254; x_wconf 79' lang='lat' dir='ltr'>ne·</span> 
     </span>
     <span class='ocr_line' id='line_1_18' title="bbox 137 2297 1270 2385; baseline -0.003 -19"><span class='ocrx_word' id='word_1_159' title='bbox 137 2302 285 2366; x_wconf 84' lang='lat' dir='ltr'>cessaria</span> <span class='ocrx_word' id='word_1_160' title='bbox 299 2301 480 2385; x_wconf 85' lang='lat' dir='ltr'>preparari,</span> <span class='ocrx_word' id='word_1_161' title='bbox 505 2301 567 2366; x_wconf 85' lang='lat' dir='ltr'>hoo</span> <span class='ocrx_word' id='word_1_162' title='bbox 582 2305 694 2364; x_wconf 87' lang='lat' dir='ltr'>tamen</span> <span class='ocrx_word' id='word_1_163' title='bbox 710 2297 835 2382; x_wconf 90' lang='lat' dir='ltr'>addito,</span> <span class='ocrx_word' id='word_1_164' title='bbox 851 2300 940 2382; x_wconf 90' lang='lat' dir='ltr'>quod</span> <span class='ocrx_word' id='word_1_165' title='bbox 956 2305 1069 2382; x_wconf 89' lang='lat' dir='ltr'>partes</span> <span class='ocrx_word' id='word_1_166' title='bbox 1086 2300 1155 2383; x_wconf 91' lang='lat' dir='ltr'>ipse</span> <span class='ocrx_word' id='word_1_167' title='bbox 1174 2300 1270 2364; x_wconf 86' lang='lat' dir='ltr'>eitius</span> 
     </span>
     <span class='ocr_line' id='line_1_19' title="bbox 136 2406 1273 2494; baseline -0.003 -19"><span class='ocrx_word' id='word_1_168' title='bbox 136 2408 237 2476; x_wconf 85' lang='lat' dir='ltr'>etism</span> <span class='ocrx_word' id='word_1_169' title='bbox 254 2429 353 2492; x_wconf 89' lang='lat' dir='ltr'>quam</span> <span class='ocrx_word' id='word_1_170' title='bbox 365 2415 440 2494; x_wconf 92' lang='lat' dir='ltr'>post</span> <span class='ocrx_word' id='word_1_171' title='bbox 451 2431 507 2474; x_wconf 87' lang='lat' dir='ltr'>sex</span> <span class='ocrx_word' id='word_1_172' title='bbox 522 2427 657 2491; x_wconf 85' lang='lat' dir='ltr'>menses,</span> <span class='ocrx_word' id='word_1_173' title='bbox 667 2413 705 2472; x_wconf 90' lang='lat' dir='ltr'>ut</span> <span class='ocrx_word' id='word_1_174' title='bbox 721 2429 829 2492; x_wconf 89' lang='lat' dir='ltr'>supra,</span> <span class='ocrx_word' id='word_1_175' title='bbox 841 2407 984 2490; x_wconf 82' lang='lat' dir='ltr'>incipere</span> <span class='ocrx_word' id='word_1_176' title='bbox 1000 2407 1125 2490; x_wconf 78' lang='lat' dir='ltr'>possint</span> <span class='ocrx_word' id='word_1_177' title='bbox 1140 2406 1273 2489; x_wconf 93' lang='lat' dir='ltr'>bellum,</span> 
     </span>
     <span class='ocr_line' id='line_1_20' title="bbox 136 2515 1273 2602; baseline 0.001 -20"><span class='ocrx_word' id='word_1_178' title='bbox 136 2523 174 2582; x_wconf 89' lang='lat' dir='ltr'>et</span> <span class='ocrx_word' id='word_1_179' title='bbox 197 2518 304 2601; x_wconf 86' lang='lat' dir='ltr'>spatio</span> <span class='ocrx_word' id='word_1_180' title='bbox 327 2517 474 2602; x_wconf 85' lang='lat' dir='ltr'>predicto</span> <span class='ocrx_word' id='word_1_181' title='bbox 501 2538 557 2582; x_wconf 88' lang='lat' dir='ltr'>sex</span> <span class='ocrx_word' id='word_1_182' title='bbox 582 2516 740 2581; x_wconf 86' lang='lat' dir='ltr'>mensium</span> <span class='ocrx_word' id='word_1_183' title='bbox 757 2517 968 2581; x_wconf 85' lang='lat' dir='ltr'>renunciare:</span> <span class='ocrx_word' id='word_1_184' title='bbox 986 2517 1013 2580; x_wconf 87' lang='lat' dir='ltr'>si</span> <span class='ocrx_word' id='word_1_185' title='bbox 1029 2515 1070 2580; x_wconf 91' lang='lat' dir='ltr'>de</span> <span class='ocrx_word' id='word_1_186' title='bbox 1087 2516 1182 2583; x_wconf 84' lang='lat' dir='ltr'>citius</span> <span class='ocrx_word' id='word_1_187' title='bbox 1208 2537 1273 2583; x_wconf 90' lang='lat' dir='ltr'>mo·</span> 
     </span>
     <span class='ocr_line' id='line_1_21' title="bbox 136 2624 1269 2707; baseline -0.002 -14"><span class='ocrx_word' id='word_1_188' title='bbox 136 2625 242 2693; x_wconf 83' lang='lat' dir='ltr'>vendo</span> <span class='ocrx_word' id='word_1_189' title='bbox 267 2624 353 2692; x_wconf 92' lang='lat' dir='ltr'>bello</span> <span class='ocrx_word' id='word_1_190' title='bbox 379 2625 554 2693; x_wconf 84' lang='lat' dir='ltr'>concordes</span> <span class='ocrx_word' id='word_1_191' title='bbox 578 2626 803 2692; x_wconf 88' lang='lat' dir='ltr'>remanserint.</span> <span class='ocrx_word' id='word_1_192' title='bbox 819 2626 907 2690; x_wconf 83' lang='lat' dir='ltr'>Item</span> <span class='ocrx_word' id='word_1_193' title='bbox 932 2626 959 2690; x_wconf 92' lang='lat' dir='ltr'>si</span> <span class='ocrx_word' id='word_1_194' title='bbox 985 2646 1079 2690; x_wconf 88' lang='lat' dir='ltr'>casus</span> <span class='ocrx_word' id='word_1_195' title='bbox 1095 2624 1269 2707; x_wconf 84' lang='lat' dir='ltr'>accideret,</span> 
     </span>
     <span class='ocr_line' id='line_1_22' title="bbox 138 2733 1272 2819; baseline -0.003 -19"><span class='ocrx_word' id='word_1_196' title='bbox 138 2734 225 2819; x_wconf 90' lang='lat' dir='ltr'>quod</span> <span class='ocrx_word' id='word_1_197' title='bbox 250 2735 370 2804; x_wconf 87' lang='lat' dir='ltr'>Veneti</span> <span class='ocrx_word' id='word_1_198' title='bbox 397 2736 588 2802; x_wconf 81' lang='lat' dir='ltr'>invaderent</span> <span class='ocrx_word' id='word_1_199' title='bbox 612 2735 752 2800; x_wconf 86' lang='lat' dir='ltr'>alteram</span> <span class='ocrx_word' id='word_1_200' title='bbox 776 2735 922 2818; x_wconf 83' lang='lat' dir='ltr'>ipsarum</span> <span class='ocrx_word' id='word_1_201' title='bbox 945 2734 1096 2818; x_wconf 89' lang='lat' dir='ltr'>partium,</span> <span class='ocrx_word' id='word_1_202' title='bbox 1122 2733 1272 2800; x_wconf 87' lang='lat' dir='ltr'>videlieet</span> 
     </span>
     <span class='ocr_line' id='line_1_23' title="bbox 139 2841 1268 2930; baseline 0.001 -23"><span class='ocrx_word' id='word_1_203' title='bbox 139 2847 198 2908; x_wconf 85' lang='lat' dir='ltr'>ant</span> <span class='ocrx_word' id='word_1_204' title='bbox 213 2848 320 2930; x_wconf 88' lang='lat' dir='ltr'>ipsum</span> <span class='ocrx_word' id='word_1_205' title='bbox 336 2842 489 2911; x_wconf 87' lang='lat' dir='ltr'>Ser-num</span> <span class='ocrx_word' id='word_1_206' title='bbox 515 2841 641 2909; x_wconf 93' lang='lat' dir='ltr'>D·num</span> <span class='ocrx_word' id='word_1_207' title='bbox 666 2843 791 2927; x_wconf 82' lang='lat' dir='ltr'>Regem</span> <span class='ocrx_word' id='word_1_208' title='bbox 807 2843 987 2927; x_wconf 87' lang='lat' dir='ltr'>Hungarie,</span> <span class='ocrx_word' id='word_1_209' title='bbox 1005 2849 1062 2908; x_wconf 86' lang='lat' dir='ltr'>aut</span> <span class='ocrx_word' id='word_1_210' title='bbox 1087 2843 1268 2928; x_wconf 83' lang='lat' dir='ltr'>predictum</span> 
     </span>
     <span class='ocr_line' id='line_1_24' title="bbox 139 2950 1267 3034; baseline -0.007 -12"><span class='ocrx_word' id='word_1_211' title='bbox 139 2955 288 3022; x_wconf 87' lang='lat' dir='ltr'>Ill-mum</span> <span class='ocrx_word' id='word_1_212' title='bbox 306 2953 431 3018; x_wconf 89' lang='lat' dir='ltr'>D·num</span> <span class='ocrx_word' id='word_1_213' title='bbox 444 2951 571 3017; x_wconf 82' lang='lat' dir='ltr'>Ducem</span> <span class='ocrx_word' id='word_1_214' title='bbox 587 2950 769 3018; x_wconf 80' lang='lat' dir='ltr'>Mediolani</span> <span class='ocrx_word' id='word_1_215' title='bbox 795 2951 846 3017; x_wconf 90' lang='lat' dir='ltr'>vel</span> <span class='ocrx_word' id='word_1_216' title='bbox 861 2973 974 3034; x_wconf 87' lang='lat' dir='ltr'>regna,</span> <span class='ocrx_word' id='word_1_217' title='bbox 984 2958 1100 3033; x_wconf 85' lang='lat' dir='ltr'>terras,</span> <span class='ocrx_word' id='word_1_218' title='bbox 1121 2950 1267 3017; x_wconf 91' lang='lat' dir='ltr'>dominia</span> 
     </span>
     <span class='ocr_line' id='line_1_25' title="bbox 142 3057 1268 3143; baseline -0.005 -13"><span class='ocrx_word' id='word_1_219' title='bbox 142 3085 183 3130; x_wconf 86' lang='lat' dir='ltr'>ao</span> <span class='ocrx_word' id='word_1_220' title='bbox 208 3060 358 3128; x_wconf 89' lang='lat' dir='ltr'>subditos</span> <span class='ocrx_word' id='word_1_221' title='bbox 383 3059 537 3143; x_wconf 90' lang='lat' dir='ltr'>ipsorum,</span> <span class='ocrx_word' id='word_1_222' title='bbox 562 3065 640 3124; x_wconf 89' lang='lat' dir='ltr'>tunc</span> <span class='ocrx_word' id='word_1_223' title='bbox 666 3066 699 3123; x_wconf 89' lang='lat' dir='ltr'>et</span> <span class='ocrx_word' id='word_1_224' title='bbox 723 3081 761 3125; x_wconf 93' lang='lat' dir='ltr'>eo</span> <span class='ocrx_word' id='word_1_225' title='bbox 788 3080 865 3124; x_wconf 86' lang='lat' dir='ltr'>oasu</span> <span class='ocrx_word' id='word_1_226' title='bbox 891 3061 919 3124; x_wconf 91' lang='lat' dir='ltr'>si</span> <span class='ocrx_word' id='word_1_227' title='bbox 945 3060 1077 3126; x_wconf 87' lang='lat' dir='ltr'>invasus</span> <span class='ocrx_word' id='word_1_228' title='bbox 1093 3081 1113 3124; x_wconf 87' lang='lat' dir='ltr'>a</span> <span class='ocrx_word' id='word_1_229' title='bbox 1131 3057 1268 3128; x_wconf 85' lang='lat' dir='ltr'>Venetis</span> 
     </span>
     <span class='ocr_line' id='line_1_26' title="bbox 137 3165 1272 3254; baseline -0.006 -16"><span class='ocrx_word' id='word_1_230' title='bbox 137 3172 237 3238; x_wconf 82' lang='lat' dir='ltr'>luerit</span> <span class='ocrx_word' id='word_1_231' title='bbox 252 3168 418 3254; x_wconf 86' lang='lat' dir='ltr'>predictus</span> <span class='ocrx_word' id='word_1_232' title='bbox 435 3166 670 3234; x_wconf 83' lang='lat' dir='ltr'>Serenissimus</span> <span class='ocrx_word' id='word_1_233' title='bbox 687 3167 794 3234; x_wconf 91' lang='lat' dir='ltr'>D·nus</span> <span class='ocrx_word' id='word_1_234' title='bbox 810 3169 883 3235; x_wconf 85' lang='lat' dir='ltr'>Rex</span> <span class='ocrx_word' id='word_1_235' title='bbox 899 3165 1073 3251; x_wconf 89' lang='lat' dir='ltr'>Hungarie</span> <span class='ocrx_word' id='word_1_236' title='bbox 1100 3165 1150 3231; x_wconf 84' lang='lat' dir='ltr'>vel</span> <span class='ocrx_word' id='word_1_237' title='bbox 1174 3176 1272 3248; x_wconf 86' lang='lat' dir='ltr'>terre,</span> 
     </span>
     <span class='ocr_line' id='line_1_27' title="bbox 139 3273 1269 3364; baseline -0.004 -18"><span class='ocrx_word' id='word_1_238' title='bbox 139 3300 253 3364; x_wconf 89' lang='lat' dir='ltr'>regna,</span> <span class='ocrx_word' id='word_1_239' title='bbox 279 3277 422 3342; x_wconf 87' lang='lat' dir='ltr'>dominia</span> <span class='ocrx_word' id='word_1_240' title='bbox 447 3275 570 3343; x_wconf 90' lang='lat' dir='ltr'>subditi</span> <span class='ocrx_word' id='word_1_241' title='bbox 592 3277 651 3359; x_wconf 90' lang='lat' dir='ltr'>sui,</span> <span class='ocrx_word' id='word_1_242' title='bbox 675 3274 842 3360; x_wconf 80' lang='lat' dir='ltr'>prediatus</span> <span class='ocrx_word' id='word_1_243' title='bbox 858 3274 911 3342; x_wconf 86' lang='lat' dir='ltr'>Ill.</span> <span class='ocrx_word' id='word_1_244' title='bbox 928 3275 1037 3342; x_wconf 78' lang='lat' dir='ltr'>D·nus</span> <span class='ocrx_word' id='word_1_245' title='bbox 1050 3275 1129 3340; x_wconf 86' lang='lat' dir='ltr'>Dux</span> <span class='ocrx_word' id='word_1_246' title='bbox 1144 3273 1269 3342; x_wconf 89' lang='lat' dir='ltr'>Medio·</span> 
     </span>
     <span class='ocr_line' id='line_1_28' title="bbox 101 3383 1273 3473; baseline -0.004 -18"><span class='ocrx_word' id='word_1_247' title='bbox 101 3439 103 3442; x_wconf 89' lang='grc'>-</span> <span class='ocrx_word' id='word_1_248' title='bbox 138 3389 207 3455; x_wconf 88' lang='lat' dir='ltr'>loni</span> <span class='ocrx_word' id='word_1_249' title='bbox 220 3389 345 3473; x_wconf 84' lang='lat' dir='ltr'>juvare,</span> <span class='ocrx_word' id='word_1_250' title='bbox 361 3385 516 3452; x_wconf 82' lang='lat' dir='ltr'>auxiliari</span> <span class='ocrx_word' id='word_1_251' title='bbox 531 3391 564 3451; x_wconf 89' lang='lat' dir='ltr'>et</span> <span class='ocrx_word' id='word_1_252' title='bbox 579 3383 761 3451; x_wconf 82' lang='lat' dir='ltr'>subsidiare</span> <span class='ocrx_word' id='word_1_253' title='bbox 778 3383 900 3451; x_wconf 85' lang='lat' dir='ltr'>debeat</span> <span class='ocrx_word' id='word_1_254' title='bbox 911 3391 944 3450; x_wconf 89' lang='lat' dir='ltr'>et</span> <span class='ocrx_word' id='word_1_255' title='bbox 960 3390 1112 3452; x_wconf 88' lang='lat' dir='ltr'>teneatur</span> <span class='ocrx_word' id='word_1_256' title='bbox 1137 3385 1273 3470; x_wconf 88' lang='lat' dir='ltr'>requisi·</span> 
     </span>
     <span class='ocr_line' id='line_1_29' title="bbox 138 3493 1267 3577; baseline -0.003 -15"><span class='ocrx_word' id='word_1_257' title='bbox 138 3502 190 3562; x_wconf 86' lang='lat' dir='ltr'>tus</span> <span class='ocrx_word' id='word_1_258' title='bbox 208 3517 280 3561; x_wconf 87' lang='lat' dir='ltr'>oum</span> <span class='ocrx_word' id='word_1_259' title='bbox 297 3493 449 3577; x_wconf 90' lang='lat' dir='ltr'>gentibus</span> <span class='ocrx_word' id='word_1_260' title='bbox 467 3494 533 3558; x_wconf 86' lang='lat' dir='ltr'>suis</span> <span class='ocrx_word' id='word_1_261' title='bbox 552 3515 654 3577; x_wconf 87' lang='lat' dir='ltr'>usque</span> <span class='ocrx_word' id='word_1_262' title='bbox 672 3493 715 3558; x_wconf 88' lang='lat' dir='ltr'>ad</span> <span class='ocrx_word' id='word_1_263' title='bbox 731 3515 902 3560; x_wconf 88' lang='lat' dir='ltr'>numerum</span> <span class='ocrx_word' id='word_1_264' title='bbox 918 3495 1066 3576; x_wconf 88' lang='lat' dir='ltr'>equitum</span> <span class='ocrx_word' id='word_1_265' title='bbox 1090 3498 1112 3561; x_wconf 87' lang='lat'><strong>4</strong></span> <span class='ocrx_word' id='word_1_266' title='bbox 1129 3493 1267 3560; x_wconf 92' lang='lat' dir='ltr'>millium</span> 
     </span>
     <span class='ocr_line' id='line_1_30' title="bbox 139 3601 1266 3690; baseline -0.001 -20"><span class='ocrx_word' id='word_1_267' title='bbox 139 3611 173 3670; x_wconf 93' lang='lat' dir='ltr'>et</span> <span class='ocrx_word' id='word_1_268' title='bbox 187 3603 336 3690; x_wconf 92' lang='lat' dir='ltr'>peditum</span> <span class='ocrx_word' id='word_1_269' title='bbox 352 3602 490 3667; x_wconf 90' lang='lat' dir='ltr'>duorum</span> <span class='ocrx_word' id='word_1_270' title='bbox 506 3601 653 3685; x_wconf 91' lang='lat' dir='ltr'>millium,</span> <span class='ocrx_word' id='word_1_271' title='bbox 668 3601 865 3686; x_wconf 89' lang='lat' dir='ltr'>sumptibus,</span> <span class='ocrx_word' id='word_1_272' title='bbox 881 3603 1037 3687; x_wconf 87' lang='lat' dir='ltr'>impensis</span> <span class='ocrx_word' id='word_1_273' title='bbox 1048 3612 1081 3670; x_wconf 89' lang='lat' dir='ltr'>et</span> <span class='ocrx_word' id='word_1_274' title='bbox 1093 3603 1266 3688; x_wconf 88' lang='lat' dir='ltr'>stipendiis</span> 
     </span>
     <span class='ocr_line' id='line_1_31' title="bbox 138 3711 1268 3798; baseline -0.001 -19"><span class='ocrx_word' id='word_1_275' title='bbox 138 3712 279 3798; x_wconf 89' lang='lat' dir='ltr'>propriis</span> <span class='ocrx_word' id='word_1_276' title='bbox 295 3713 397 3796; x_wconf 89' lang='lat' dir='ltr'>ipsius</span> <span class='ocrx_word' id='word_1_277' title='bbox 413 3711 467 3775; x_wconf 91' lang='lat' dir='ltr'>Ill.</span> <span class='ocrx_word' id='word_1_278' title='bbox 485 3711 565 3776; x_wconf 93' lang='lat' dir='ltr'>D·ni</span> <span class='ocrx_word' id='word_1_279' title='bbox 581 3711 683 3778; x_wconf 82' lang='lat' dir='ltr'>Ducis</span> <span class='ocrx_word' id='word_1_280' title='bbox 700 3711 898 3794; x_wconf 71' lang='lat' dir='ltr'>auxiliantis</span> <span class='ocrx_word' id='word_1_281' title='bbox 925 3734 1008 3796; x_wconf 90' lang='lat' dir='ltr'>quas</span> <span class='ocrx_word' id='word_1_282' title='bbox 1034 3712 1166 3796; x_wconf 88' lang='lat' dir='ltr'>quidem</span> <span class='ocrx_word' id='word_1_283' title='bbox 1192 3733 1268 3796; x_wconf 87' lang='lat' dir='ltr'>gen-</span> 
     </span>
     <span class='ocr_line' id='line_1_32' title="bbox 139 3819 1270 3904; baseline -0.002 -16"><span class='ocrx_word' id='word_1_284' title='bbox 139 3829 189 3888; x_wconf 87' lang='lat' dir='ltr'>tes</span> <span class='ocrx_word' id='word_1_285' title='bbox 216 3827 250 3888; x_wconf 91' lang='lat' dir='ltr'>et</span> <span class='ocrx_word' id='word_1_286' title='bbox 266 3821 378 3904; x_wconf 85' lang='lat' dir='ltr'>oopias</span> <span class='ocrx_word' id='word_1_287' title='bbox 396 3819 527 3886; x_wconf 89' lang='lat' dir='ltr'>mittere</span> <span class='ocrx_word' id='word_1_288' title='bbox 543 3825 693 3885; x_wconf 87' lang='lat' dir='ltr'>teneatur</span> <span class='ocrx_word' id='word_1_289' title='bbox 709 3821 796 3886; x_wconf 89' lang='lat' dir='ltr'>intra</span> <span class='ocrx_word' id='word_1_290' title='bbox 819 3821 993 3886; x_wconf 90' lang='lat' dir='ltr'>terminum</span> <span class='ocrx_word' id='word_1_291' title='bbox 1019 3822 1159 3887; x_wconf 92' lang='lat' dir='ltr'>duorum</span> <span class='ocrx_word' id='word_1_292' title='bbox 1183 3843 1270 3887; x_wconf 90' lang='lat' dir='ltr'>men·</span> 
     </span>
     <span class='ocr_line' id='line_1_33' title="bbox 45 3929 1271 4016; baseline -0.002 -20"><span class='ocrx_word' id='word_1_293' title='bbox 45 3945 48 3952; x_wconf 86' lang='lat'>&#39;</span> <span class='ocrx_word' id='word_1_294' title='bbox 139 3933 224 3996; x_wconf 88' lang='lat' dir='ltr'>sium</span> <span class='ocrx_word' id='word_1_295' title='bbox 248 3937 323 4014; x_wconf 90' lang='lat' dir='ltr'>post</span> <span class='ocrx_word' id='word_1_296' title='bbox 349 3929 471 3994; x_wconf 85' lang='lat' dir='ltr'>factam</span> <span class='ocrx_word' id='word_1_297' title='bbox 496 3929 741 4013; x_wconf 87' lang='lat' dir='ltr'>requisitionem</span> <span class='ocrx_word' id='word_1_298' title='bbox 765 3929 809 3996; x_wconf 86' lang='lat' dir='ltr'>ad</span> <span class='ocrx_word' id='word_1_299' title='bbox 826 3930 932 3996; x_wconf 87' lang='lat' dir='ltr'>looum</span> <span class='ocrx_word' id='word_1_300' title='bbox 946 3953 1005 4016; x_wconf 93' lang='lat' dir='ltr'>per</span> <span class='ocrx_word' id='word_1_301' title='bbox 1021 3937 1150 4015; x_wconf 85' lang='lat' dir='ltr'>partem</span> <span class='ocrx_word' id='word_1_302' title='bbox 1164 3931 1271 4014; x_wconf 68' lang='lat' dir='ltr'>requid</span> 
     </span>
     <span class='ocr_line' id='line_1_34' title="bbox 139 4036 1271 4122; baseline -0.003 -18"><span class='ocrx_word' id='word_1_303' title='bbox 139 4045 265 4105; x_wconf 89' lang='lat' dir='ltr'>rentem</span> <span class='ocrx_word' id='word_1_304' title='bbox 290 4036 533 4120; x_wconf 92' lang='lat' dir='ltr'>nominandum,</span> <span class='ocrx_word' id='word_1_305' title='bbox 555 4037 618 4104; x_wconf 90' lang='lat' dir='ltr'>hoo</span> <span class='ocrx_word' id='word_1_306' title='bbox 628 4045 738 4105; x_wconf 89' lang='lat' dir='ltr'>tamen</span> <span class='ocrx_word' id='word_1_307' title='bbox 755 4037 868 4105; x_wconf 92' lang='lat' dir='ltr'>addito</span> <span class='ocrx_word' id='word_1_308' title='bbox 895 4045 927 4102; x_wconf 90' lang='lat' dir='ltr'>et</span> <span class='ocrx_word' id='word_1_309' title='bbox 943 4037 1123 4121; x_wconf 80' lang='lat' dir='ltr'>intellecto,</span> <span class='ocrx_word' id='word_1_310' title='bbox 1139 4037 1226 4122; x_wconf 92' lang='lat' dir='ltr'>quod</span> <span class='ocrx_word' id='word_1_311' title='bbox 1243 4037 1271 4102; x_wconf 89' lang='lat' dir='ltr'>si</span> 
     </span>
     <span class='ocr_line' id='line_1_35' title="bbox 139 4144 1277 4233; baseline 0 -21"><span class='ocrx_word' id='word_1_312' title='bbox 139 4147 205 4233; x_wconf 80' lang='lat' dir='ltr'>ipse</span> <span class='ocrx_word' id='word_1_313' title='bbox 235 4146 287 4211; x_wconf 93' lang='lat' dir='ltr'>Ill.</span> <span class='ocrx_word' id='word_1_314' title='bbox 312 4144 419 4210; x_wconf 93' lang='lat' dir='ltr'>D·nus</span> <span class='ocrx_word' id='word_1_315' title='bbox 445 4146 522 4210; x_wconf 88' lang='lat' dir='ltr'>Dux</span> <span class='ocrx_word' id='word_1_316' title='bbox 548 4147 685 4231; x_wconf 92' lang='lat' dir='ltr'>eligeret</span> <span class='ocrx_word' id='word_1_317' title='bbox 701 4155 734 4214; x_wconf 91' lang='lat' dir='ltr'>et</span> <span class='ocrx_word' id='word_1_318' title='bbox 751 4147 947 4214; x_wconf 89' lang='lat' dir='ltr'>deliberaret</span> <span class='ocrx_word' id='word_1_319' title='bbox 965 4169 1063 4215; x_wconf 92' lang='lat' dir='ltr'>unum</span> <span class='ocrx_word' id='word_1_320' title='bbox 1078 4169 1118 4215; x_wconf 81' lang='lat' dir='ltr'>ex</span> <span class='ocrx_word' id='word_1_321' title='bbox 1134 4145 1277 4232; x_wconf 69' lang='lat' dir='ltr'>Capita·</span> 
     </span>
     <span class='ocr_line' id='line_1_36' title="bbox 142 4254 1278 4341; baseline 0 -20"><span class='ocrx_word' id='word_1_322' title='bbox 142 4255 213 4323; x_wconf 86' lang='lat' dir='ltr'>neis</span> <span class='ocrx_word' id='word_1_323' title='bbox 229 4259 296 4321; x_wconf 89' lang='lat' dir='ltr'>suis</span> <span class='ocrx_word' id='word_1_324' title='bbox 312 4276 385 4319; x_wconf 88' lang='lat' dir='ltr'>curn</span> <span class='ocrx_word' id='word_1_325' title='bbox 401 4255 548 4338; x_wconf 87' lang='lat' dir='ltr'>pecuniis</span> <span class='ocrx_word' id='word_1_326' title='bbox 564 4255 607 4321; x_wconf 91' lang='lat' dir='ltr'>ad</span> <span class='ocrx_word' id='word_1_327' title='bbox 623 4257 730 4340; x_wconf 91' lang='lat' dir='ltr'>ipsum</span> <span class='ocrx_word' id='word_1_328' title='bbox 746 4254 908 4322; x_wconf 84' lang='lat' dir='ltr'>Ser-mum</span> <span class='ocrx_word' id='word_1_329' title='bbox 924 4257 1050 4341; x_wconf 83' lang='lat' dir='ltr'>Regem</span> <span class='ocrx_word' id='word_1_330' title='bbox 1074 4277 1135 4341; x_wconf 92' lang='lat' dir='ltr'>pro</span> <span class='ocrx_word' id='word_1_331' title='bbox 1152 4255 1278 4322; x_wconf 58' lang='lat' dir='ltr'>condus</span> 
     </span>
     <span class='ocr_line' id='line_1_37' title="bbox 139 4363 1267 4451; baseline 0.004 -21"><span class='ocrx_word' id='word_1_332' title='bbox 139 4364 250 4430; x_wconf 84' lang='lat' dir='ltr'>cendis</span> <span class='ocrx_word' id='word_1_333' title='bbox 276 4363 427 4449; x_wconf 83' lang='lat' dir='ltr'>gentibus</span> <span class='ocrx_word' id='word_1_334' title='bbox 453 4363 592 4446; x_wconf 89' lang='lat' dir='ltr'>mittere,</span> <span class='ocrx_word' id='word_1_335' title='bbox 620 4365 682 4432; x_wconf 85' lang='lat' dir='ltr'>hoo</span> <span class='ocrx_word' id='word_1_336' title='bbox 706 4366 912 4451; x_wconf 86' lang='lat' dir='ltr'>relinquatur</span> <span class='ocrx_word' id='word_1_337' title='bbox 929 4366 1090 4448; x_wconf 81' lang='lat' dir='ltr'>electioni,</span> <span class='ocrx_word' id='word_1_338' title='bbox 1106 4365 1267 4434; x_wconf 83' lang='lat' dir='ltr'>delibera-</span> 
     </span>
    </p>
   </div>
   <div class='ocr_carea' id='block_1_11' title="bbox 5 4473 1266 4562">
    <p class='ocr_par' dir='ltr' id='par_1_11' title="bbox 5 4473 1266 4562">
     <span class='ocr_line' id='line_1_38' title="bbox 5 4473 1266 4562; baseline 0.003 -24"><span class='ocrx_word' id='word_1_339' title='bbox 5 4481 7 4562; x_wconf 75' lang='lat'><em>]</em></span> <span class='ocrx_word' id='word_1_340' title='bbox 137 4475 202 4539; x_wconf 90' lang='lat' dir='ltr'>ioni</span> <span class='ocrx_word' id='word_1_341' title='bbox 220 4479 254 4541; x_wconf 89' lang='lat' dir='ltr'>et</span> <span class='ocrx_word' id='word_1_342' title='bbox 272 4473 434 4538; x_wconf 85' lang='lat' dir='ltr'>voluntati</span> <span class='ocrx_word' id='word_1_343' title='bbox 451 4475 591 4557; x_wconf 79' lang='lat' dir='ltr'>predicti</span> <span class='ocrx_word' id='word_1_344' title='bbox 607 4474 690 4541; x_wconf 93' lang='lat' dir='ltr'>D-ni</span> <span class='ocrx_word' id='word_1_345' title='bbox 706 4474 810 4540; x_wconf 84' lang='lat' dir='ltr'>Ducis</span> <span class='ocrx_word' id='word_1_346' title='bbox 836 4473 1027 4558; x_wconf 87' lang='lat' dir='ltr'>Mediolani,</span> <span class='ocrx_word' id='word_1_347' title='bbox 1053 4475 1266 4560; x_wconf 89' lang='lat' dir='ltr'>intelligendo</span> 
     </span>
    </p>
   </div>
   <div class='ocr_carea' id='block_1_12' title="bbox 136 4581 1270 4668">
    <p class='ocr_par' dir='ltr' id='par_1_12' title="bbox 136 4581 1270 4668">
     <span class='ocr_line' id='line_1_39' title="bbox 136 4581 1270 4668; baseline 0.007 -20"><span class='ocrx_word' id='word_1_348' title='bbox 136 4588 247 4648; x_wconf 85' lang='lat' dir='ltr'>tamen</span> <span class='ocrx_word' id='word_1_349' title='bbox 262 4587 446 4666; x_wconf 88' lang='lat' dir='ltr'>propterea,</span> <span class='ocrx_word' id='word_1_350' title='bbox 464 4581 553 4664; x_wconf 88' lang='lat' dir='ltr'>qnod</span> <span class='ocrx_word' id='word_1_351' title='bbox 573 4583 600 4648; x_wconf 90' lang='lat' dir='ltr'>si</span> <span class='ocrx_word' id='word_1_352' title='bbox 618 4583 847 4650; x_wconf 80' lang='lat' dir='ltr'>deliberaverit</span> <span class='ocrx_word' id='word_1_353' title='bbox 862 4583 932 4668; x_wconf 90' lang='lat' dir='ltr'>ipse</span> <span class='ocrx_word' id='word_1_354' title='bbox 943 4583 1051 4651; x_wconf 88' lang='lat' dir='ltr'>D·nus</span> <span class='ocrx_word' id='word_1_355' title='bbox 1068 4581 1145 4650; x_wconf 88' lang='lat' dir='ltr'>Dux</span> <span class='ocrx_word' id='word_1_356' title='bbox 1172 4605 1270 4656; x_wconf 83' lang='lat' dir='ltr'>unum</span> 
     </span>
    </p>
   </div>
   <div class='ocr_carea' id='block_1_13' title="bbox 0 0 1680 5260">
    <p class='ocr_par' dir='ltr' id='par_1_13' title="bbox 0 0 1680 5260">
     <span class='ocr_line' id='line_1_40' title="bbox 0 0 1680 5260; baseline 0 0"><span class='ocrx_word' id='word_1_357' title='bbox 0 0 1680 5260; x_wconf 95' lang='lat' dir='ltr'> </span> 
     </span>
    </p>
   </div>
  </div>
 </body>
</html>
