3336 5258
384 327 449 388 426
735 340 970 387 nrrnounomm
987 328 1155 386 anabuns.

385 503 548 570 desiderio
563 509 672 568 nostro
690 502 880 568 conformis:
898 507 935 567 tu
950 499 1146 568 Oelsitudiui
1163 523 1219 567 sue
1231 502 1359 584 gracias
1374 500 1473 584 agito,
1488 504 1519 562 ct

385 611 548 678 affirmato
574 612 667 678 illa-m
693 633 773 694 esse,
790 633 888 696 quam
915 633 980 678 nou
1005 611 1109 678 solum
1126 612 1359 697 opinabamur3
1375 609 1433 678 sed
1460 631 1518 693 pro

385 726 551 804 comperto
570 720 803 805 qualiscunque
819 721 935 787 luerit:
952 727 989 786 tu
1005 722 1147 803 graviter
1171 729 1203 785 et
1220 726 1408 786 constanter
1433 725 1521 804 tege-

384 831 459 914 rito,
485 835 518 896 et
553 851 613 914 per
644 830 902 896 volantissimnm
937 829 1147 896 tabellarium
1179 831 1289 896 omnia
1321 831 1456 896 scribito
1488 835 1521 895 et

385 945 558 1023 expectato
576 936 775 1003 mandatum.
1072 947 1074 952 '

493 1047 576 1114 Post
601 1046 788 1131 expeditam
814 1053 999 1130 presentem
1023 1045 1250 1112 mandatorum
1267 1048 1416 1131 formam,
1433 1049 1522 1113 venit

385 1159 429 1222 ad
454 1157 652 1240 presentiam
687 1161 831 1220 nostram
851 1155 1058 1223 Venerabilis
1083 1154 1245 1222 Dominus
1270 1156 1430 1222 Nicolaus
1458 1157 1520 1221 lec

385 1272 438 1332 tor
454 1265 636 1345 Vaciensis,
654 1261 777 1328 Orator
792 1262 897 1346 Regie
913 1263 1104 1348 Majestatis
1120 1264 1302 1348 Hungarie‚
1319 1271 1352 1332 et
1368 1287 1407 1330 ea
1424 1287 1522 1350 expo-

386 1377 459 1458 suit,
485 1393 547 1457 que
573 1393 631 1456 per
657 1373 817 1438 inclusam
843 1372 990 1438 cedulam
1016 1372 1158 1454 videbis;
1176 1379 1209 1438 et
1233 1373 1395 1458 intelliges
1422 1376 1519 1440 etiam

384 1482 636 1566 responsionem,
653 1502 751 1565 quam
766 1503 825 1546 nos
850 1481 880 1544 ei
907 1481 1066 1564 dedimus,
1082 1482 1134 1547 cui
1160 1481 1350 1562 inherendo,
1366 1489 1403 1546 tn
1425 1483 1519 1568 justi-

384 1589 496 1656 ficabis
520 1595 666 1655 nostrum
693 1587 882 1656 Dominium
909 1596 1064 1658 consueta
1089 1596 1147 1656 tua
1171 1591 1347 1675 prudentia
1379 1599 1412 1657 et
1444 1590 1519 1656 dex-

384 1701 529 1766 toritate.

492 1809 674 1893 Postquam
700 1809 867 1892 negotium
884 1807 990 1892 Vegle
1017 1810 1212 1894 exposueris
1235 1810 1470 1894 justificaveris
1487 1815 1520 1874 et

384 1939 445 2002 pro
462 1917 626 1983 desiderio
643 1922 757 1982 nostro
775 1917 817 1983 ad
835 1919 976 2000 quietem
1001 1918 1184 1983 reduxeris:
1201 1918 1358 2000 volumus,
1383 1924 1421 1983 ut
1446 1939 1521 2002 cap·

384 2031 456 2091 tato
473 2031 620 2110 tempore
635 2024 740 2109 Regio
758 2021 978 2090 Sublimitatis
995 2047 1137 2109 exponas
1153 2027 1259 2093 multa
1279 2028 1400 2092 damna
1425 2027 1520 2092 illata

384 2132 482 2198 fuisse
508 2139 540 2198 et
560 2133 685 2218 jugiter
708 2131 821 2198 inferri
848 2133 929 2198 locis
954 2135 1076 2202 nostris
1091 2135 1264 2202 Dalmatic
1289 2158 1349 2220 per
1373 2135 1520 2202 subditos

385 2241 488 2326 Regie
505 2241 741 2324 sublimitatis,
760 2248 882 2321 contra,
894 2246 1006 2308 utnon
1017 2242 1207 2310 dubitamus
1223 2265 1350 2310 omnem
1367 2245 1520 2310 intentio-

384 2373 458 2418 nem
485 2359 518 2418 et
541 2358 681 2418 mentem
697 2352 800 2436 Regie
817 2351 1016 2437 Majestatis,
1033 2353 1121 2437 apud
1145 2375 1244 2437 quam
1268 2354 1370 2420 facias
1397 2355 1520 2419 instan-

385 2461 474 2542 tiam,
505 2467 542 2525 ut
573 2460 713 2527 scribere
745 2467 779 2526 et
808 2461 976 2545 imponere
1005 2461 1158 2544 dignetur
1188 2462 1282 2528 Bauo
1309 2460 1464 2529 Orovatie
1488 2469 1521 2527 et

386 2566 573 2634 Comitibus
599 2589 636 2634 ae
654 2565 853 2634 Castellanis
879 2569 1002 2651 vicinis,
1019 2570 1075 2634 sed
1091 2570 1244 2653 precipue
1261 2569 1399 2638 Xarcbo
1416 2571 1520 2644 Vula·

385 2675 519 2740 ebovioh
535 2681 567 2740 et
581 2675 696 2743 Vuobo
714 2673 864 2758 Cordich,
882 2683 918 2742 ut
935 2677 977 2742 ab
994 2677 1120 2744 damnis
1137 2685 1170 2742 et
1185 2679 1315 2764 injurijs
1332 2686 1519 2746 nostrorum

384 2783 581 2866 abstineant,
607 2784 692 2849 sicut
725 2785 903 2868 equitatem
929 2785 1077 2869 Regiam,
1102 2793 1135 2851 et
1160 2793 1308 2852 mutuam
1339 2788 1427 2855 iuter
1459 2811 1519 2856 nos

383 2892 635 2958 benivolentiam
660 2893 763 2960 decet.
788 2893 953 2978 Intelligis
979 2895 1111 2978 negotia
1128 2893 1305 2980 Dalmatio,
1321 2902 1356 2962 et
1381 2898 1520 2962 maxime

384 3002 525 3067 civitatis
539 3002 679 3085 Traguri
681 3003 694 3086 j
706 3003 815 3086 sepius
832 3001 1007 3082 infestate;
1024 3003 1156 3085 provide
1173 3011 1206 3070 et
1222 3010 1337 3089 satage
1354 3027 1414 3090 pro
1431 3007 1520 3090 inge-

383 3111 437 3176 nio
463 3116 496 3175 et
520 3111 628 3177 studio
659 3117 727 3192 tuo,
751 3116 788 3176 ut
814 3133 853 3176 ex
878 3110 1086 3195 impositione
1117 3111 1225 3196 Regia
1255 3113 1290 3178 id
1321 3113 1520 3179 adhibeatur

384 3219 528 3304 remedij,
546 3221 625 3302 quid
640 3219 794 3304 possibile
811 3222 862 3286 sit.

490 3328 527 3394 Si
559 3330 760 3412 contingerit,
785 3334 821 3393 ut
851 3331 1027 3394 transitum
1057 3329 1162 3395 facias
1191 3348 1249 3414 per
1281 3327 1431 3410 Neustot,
1458 3336 1518 3395 aut

384 3435 485 3501 alium
510 3437 626 3518 locum,
643 3437 699 3502 ubi
724 3439 909 3520 reperiatur
934 3437 1157 3521 Imperatoria
1174 3437 1353 3523 Majestast
1370 3439 1519 3504 volumus

385 3551 423 3610 ut
439 3566 512 3610 eam
527 3544 637 3610 visites
664 3545 723 3610 sub
749 3546 869 3611 uostris
892 3547 997 3611 literis
1023 3547 1278 3612 credentialibus
1299 3569 1372 3613 oum
1388 3547 1519 3614 honori-

383 3655 455 3738 fica,
472 3655 564 3738 gravi
580 3660 614 3718 et
630 3657 793 3720 reverenti
810 3655 980 3722 verborum
1006 3657 1121 3738 forma,
1146 3656 1267 3741 Illique
1284 3658 1430 3723 declares
1446 3679 1521 3723 cau·

385 3785 456 3830 sam
471 3770 526 3830 tue
545 3763 768 3848 profectionis
785 3785 853 3830 esse
878 3767 1054 3846 novitatem
1080 3771 1112 3830 et
1136 3765 1294 3849 impetum
1313 3766 1436 3833 factum
1460 3788 1520 3850 per

383 3871 507 3956 Regias
525 3880 635 3956 coplas
652 3871 686 3936 iu
710 3872 849 3938 insulam
865 3871 980 3956 Vegle‚
998 3895 1060 3957 que
1078 3881 1188 3940 tamen
1204 3876 1342 3941 cessavit
1367 3896 1517 3958 regresso

383 3979 492 4046 Maier
509 3980 587 4046 Blas
603 4002 663 4064 per
679 3982 944 4065 compositionem
960 4003 1034 4048 cum
1051 3981 1232 4067 Capitoneo
1255 3989 1370 4048 nostro
1397 3981 1520 4048 factam

383 4091 417 4155 in
433 4095 555 4155 terram
571 4089 717 4171 firmam3
734 4095 767 4154 et
783 4088 910 4157 offerte
926 4097 1037 4159 nostro
1054 4092 1183 4158 nomine
1194 4089 1413 4176 Imperatorie
1426 4090 1522 4159 Sub--
1551 4114 1554 4118 ·

384 4197 528 4280 limitati,
539 4198 647 4283 siquid
660 4198 859 4282 judicaverit
875 4197 937 4265 tibi
948 4199 1188 4284 imponendum,
1203 4199 1391 4265 fidelissime
1406 4220 1510 4284 procu

383 4313 541 4390 saturum,
573 4314 607 4373 et
637 4313 849 4392 operaturum
887 4311 921 4375 in
960 4309 1164 4390 commodum
1204 4315 1238 4374 et
1275 4309 1521 4393 beneplacitum

384 4438 494 4497 suum;
512 4422 633 4483 etcum
658 4418 762 4502 bouis,
781 4418 932 4485 humanis
957 4423 990 4484 et
1014 4418 1236 4486 reverentibus
1255 4417 1370 4499 verbis,
1386 4422 1420 4483 et
1445 4439 1520 4483 cum

384 4527 470 4592 omni
496 4526 731 4610 significatione
758 4530 878 4596 amoris
903 4535 936 4594 et
961 4529 1068 4594 cultus
1089 4529 1194 4596 nostri
1210 4529 1244 4593 in
1259 4526 1518 4612 Imperatoriam
