3356 5266
679 411 772 473 1469.
1227 409 1291 470 145

158 593 313 670 precepta
333 593 365 653 et
380 588 609 670 requisitiones
632 595 767 668 vestras,
793 610 830 652 ac
858 591 884 652 si
910 611 967 652 uos
993 589 1039 652 eis
1056 587 1292 670 preciperemus

168 701 200 758 et
217 701 374 778 tanquam
402 697 559 780 provisori
586 699 618 760 in
644 697 705 761 bae
732 698 915 780 provisione
931 719 951 762 a
967 695 1059 761 nobis
1075 695 1234 774 delegato.
1251 691 1297 756 Et

160 809 273 884 preter
288 805 351 868 hoc
367 803 458 869 vobis
474 807 670 886 nuntiamus,
682 807 769 887 quod
781 806 927 888 dispositi
941 827 1050 869 sumus
1060 804 1167 868 facere
1184 801 1291 866 onmia

161 911 334 994 possibilia
359 934 419 995 pro
452 933 562 979 eorum
594 915 847 994 conservatione,
878 914 988 996 sicque
1018 916 1130 975 nostro
1162 907 1290 972 nomine

157 1019 315 1097 volumus
332 1027 369 1085 ut
386 1042 497 1086 eorum
513 1020 773 1105 Magnificcncijs
789 1021 897 1086 dicere
924 1019 1078 1098 debeatis,
1095 1027 1127 1082 et
1145 1015 1292 1082 commit-

158 1132 273 1192 tantur
289 1129 438 1196 omnibus
455 1129 653 1196 Rectoribus
676 1130 913 1213 suprascriptis,
941 1135 975 1192 ut
1003 1129 1032 1193 ei
1049 1126 1203 1192 obediant
1219 1132 1290 1191 tan·
1393 1175 1398 1184 .

160 1257 260 1321 quam
276 1239 435 1321 provisori
451 1247 573 1305 nostro.

264 1363 461 1431 Nuntiamus
493 1372 642 1450 preterca
679 1367 784 1448 vobis,
816 1365 902 1448 quod
929 1363 1084 1448 jussimus
1117 1383 1215 1428 unam
1235 1357 1286 1426 ‘ex
1314 1375 1315 1378 ’

154 1471 259 1552 galeis
283 1473 402 1538 nostris
426 1473 602 1538 subtilibus
627 1479 659 1538 et
684 1469 805 1538 fustem
825 1471 939 1553 Judre,
964 1493 1026 1554 que
1052 1476 1128 1534 sunt
1143 1468 1288 1550 Ausone,

156 1580 396 1662 quamprimum
414 1581 543 1644 veniant
570 1581 612 1644 ad
629 1601 693 1662 vos,
719 1587 749 1644 et
776 1587 862 1644 stent
886 1579 931 1644 ibi
956 1599 1015 1660 pro
1043 1577 1287 1643 conservatione

157 1693 265 1752 status
297 1688 432 1752 istorum
465 1685 511 1752 M.
539 1686 762 1768 Dominorum
792 1685 1042 1770 procedentibus
1075 1684 1213 1750 Turcbis
1245 1685 1288 1751 ad

154 1818 268 1861 eorum
285 1796 413 1863 damna.

266 1923 311 1989 m
327 1945 365 1988 ex
381 1945 465 1987 nunc
481 1930 609 2006 captum
635 1923 685 2002 sit,
702 1921 788 2004 quod
807 1922 894 1987 mitti
911 1920 1051 1985 debeant
1066 1921 1128 2004 ipsi
1148 1894 1285 1984 Oratori

151 2043 268 2099 nostro
284 2033 431 2098 Ducatos
448 2029 587 2095 Centum
604 2051 662 2112 pro
680 2030 748 2112 ejus
766 2029 921 2112 expensis,

262 2196 415 2258 (Velenczei
430 2195 607 2257 allamkbnyv
621 2199 663 2242 60.
679 2195 708 2255 l.)

638 2373 794 2382 ψ

694 2613 744 2672 9ῖ.

153 2775 251 2836 1469.
279 2773 307 2834 Α
334 2771 486 2836 velenczei.
511 2771 728 2834 dilacerandas
753 2773 863 2834 witmer·
887 2773 1039 2836 bbocte'oet
1057 2771 1284 2857 fdboaaadlds

259 2881 356 2964 adpeti
372 2878 456 2942 tosti
472 2903 492 2942 n.
510 2880 599 2944 rvrrbb
610 2879 937 2963 eidnyomubisdodrdi
947 2879 1028 2942 sacto
1042 2880 1173 2943 bireket.

148 3039 216 3103 Die
235 3044 285 3104 23.
302 3037 455 3104 Octobris
472 3037 832 3104 MCCCOLXVHII.-

259 3148 319 3214 Ser
336 3147 511 3215 Francisco
527 3147 718 3211 ‚iustiniauo
735 3145 839 3225 militi,
853 3143 989 3211 Oratori
1007 3153 1118 3212 nostro
1130 3147 1173 3211 ad
1190 3145 1282 3212 Sum·

84 3319 88 3326 ,
148 3278 236 3320 mam
254 3256 457 3322 Pontificem.

258 3365 325 3430 Per
352 3365 463 3430 literas
490 3387 529 3428 ex
554 3363 704 3448 partibus
730 3363 829 3429 Istrie
859 3373 893 3428 et
924 3364 1075 3447 Forijulii
1107 3365 1279 3432 habuimus

146 3493 234 3536 nova
252 3472 291 3537 de
306 3471 532 3556 progressibus
553 3471 742 3550 Tuscorum,
760 3471 814 3554 qui
831 3471 908 3536 sacti
926 3479 1002 3536 suut
1024 3473 1125 3537 multo
1150 3473 1279 3538 vicinio-

146 3599 211 3660 res
227 3601 307 3662 quas
324 3579 436 3644 literas
452 3581 609 3644 mittimus
626 3580 717 3644 vobis
734 3581 937 3664 presentibus
962 3581 1112 3659 inclusas
1128 3585 1164 3644 ut
1181 3579 1279 3646 Sanc·

146 3691 228 3754 titas
253 3687 285 3755 S.
311 3687 479 3752 Pontificio
506 3689 613 3752 omnia
637 3688 719 3751 bone
746 3688 908 3770 intelligat
935 3696 968 3753 et
994 3711 1051 3772 pro
1076 3712 1135 3754 sua
1151 3711 1278 3756 summa

146 3798 308 3883 sapientia
336 3797 416 3862 bene
442 3795 624 3862 consideret
648 3796 826 3878 periculum
853 3803 884 3861 et
911 3797 1156 3880 importantiam
1180 3781 1277 3882 hujus

145 3907 227 3972 belli
245 3904 435 3971 Turcorum.

255 4070 409 4130 (Velenczei
423 4069 601 4132 altamkonyv
615 4071 657 4118 on.
672 4071 701 4128 l.)

191 4725 253 4764 ΜΘΝ.
269 4725 350 4762 ΗϋΝῦ.
369 4723 436 4762 ΗΙΕΤ.
461 4735 497 4746 ···
516 4724 584 4761 ACTA
602 4725 662 4763 EXT·
678 4725 704 4764 V·
