3334 5276
392 317 443 378 ,10
538 321 541 326 “
752 330 987 376 nmcousczmr
1004 315 1173 375 mutans.

401 498 635 577 augumentum
661 495 765 558 status
791 496 824 554 et
849 489 1073 555 condicionum
1098 511 1231 556 suarum
1256 490 1341 558 forte
1364 491 1398 556 in
1414 491 1530 574 Regno

4 569 56 680 ll„
79 643 100 704 3,
238 577 251 606 ⁵
275 661 276 664 ,
400 599 539 666 Bossine
563 600 614 665 vel
639 599 727 665 alibi.
753 595 912 665 Volumus
938 598 1045 678 etiam,
1069 603 1106 664 ut
1120 619 1182 682 pro
1206 597 1390 665 inducendo
1406 600 1531 682 pariter

401 713 435 774 et
449 708 644 774 unanirniter
661 728 734 772 cum
751 705 865 771 eadem
882 703 1069 790 Majcstate,
1086 705 1156 774 Vos
1172 727 1301 790 quoque
1317 707 1440 791 petatis
1456 708 1531 772 resi-

401 817 499 882 duum
515 813 668 896 Amores,
684 811 772 898 quod
787 813 821 878 in
837 817 1000 896 potestate
1017 811 1139 878 Turchi
1159 819 1316 898 superest,
1332 821 1365 880 et
1381 815 1530 881 insulam,

401 923 642 1008 Civitatemque
653 921 888 1002 Mitilenarum‚
898 921 949 988 vel
964 921 1079 988 saltem
1095 922 1233 989 alteram
1249 943 1357 988 rerum
1372 923 1531 1008 predicta·

402 1056 483 1115 rum,
498 1033 523 1098 si
541 1033 656 1098 ambos
672 1053 736 1098 non
752 1031 899 1116 possetis,
919 1051 983 1113 que
1000 1051 1099 1096 causa
1115 1030 1192 1096 belli
1209 1032 1339 1115 penitus
1356 1031 1484 1098 deserte
1500 1041 1532 1099 et

403 1141 547 1207 desolate
564 1147 648 1223 sunt,
664 1141 712 1206 ita
728 1145 765 1204 ut
780 1160 897 1223 parum
914 1146 971 1205 aut
995 1139 1077 1205 nihil
1100 1161 1140 1204 ex
1164 1141 1211 1205 eis
1227 1139 1381 1206 utilitatis
1400 1161 1531 1227 percep·

401 1250 467 1314 turi
484 1269 602 1331 sumus,
627 1248 682 1316 scd
698 1248 779 1314 bene
795 1249 951 1332 laborem,
966 1270 1078 1315 curam
1094 1255 1127 1314 ct
1142 1250 1324 1334 impensam
1350 1271 1415 1316 non
1434 1250 1532 1316 medi·

403 1379 510 1426 ocrem
536 1358 569 1422 in
595 1356 660 1422 illis
686 1356 921 1440 custodiendis;
947 1357 1003 1423 sed
1021 1357 1080 1423 hec
1097 1359 1212 1441 petitio
1231 1364 1343 1424 nostra
1369 1359 1480 1442 potius
1497 1357 1532 1422 lit

404 1466 446 1531 ad
461 1465 680 1534 defensionem
705 1474 738 1532 et
761 1467 898 1533 tutelam
923 1467 1177 1534 christianorum
1202 1473 1234 1532 et
1258 1468 1349 1551 pacis
1380 1466 1534 1534 securita-

403 1581 479 1656 tem,
505 1595 601 1658 quarn
626 1597 685 1659 pro
710 1575 780 1640 ulla
803 1574 869 1640 alia
893 1577 1024 1660 privata
1048 1581 1162 1642 nostra
1187 1575 1427 1642 commoditate.
1460 1573 1533 1641 Hoc

404 1681 493 1746 vobis
520 1681 640 1748 dixisse
665 1683 834 1762 voluimus,
859 1677 896 1747 ut
921 1683 953 1746 in
980 1683 1066 1748 iacto
1090 1683 1269 1766 primarum
1293 1683 1492 1766 petitionum
1508 1685 1533 1750 si

404 1798 558 1872 occurret,
570 1791 690 1872 sciatis,
706 1789 793 1874 quod
808 1810 905 1873 agere
922 1790 1078 1857 habeatis.
1090 1793 1136 1857 Et
1151 1792 1268 1856 scitote
1284 1790 1329 1856 nil
1345 1790 1461 1872 minus,
1471 1812 1535 1858 non

404 1921 475 1965 esse
491 1905 665 1984 propterea
680 1899 792 1964 ultime
815 1900 1003 1965 intentionis
1029 1905 1147 1981 nostre,
1163 1900 1233 1966 sine
1258 1899 1355 1964 rebus
1379 1899 1534 1982 predictis

404 2029 468 2073 non
485 2006 634 2074 devenire
650 2007 692 2073 ad
710 2007 963 2090 conclusionem
982 2007 1040 2075 sed
1056 2006 1137 2074 bene
1154 2007 1310 2087 volumus,
1326 2013 1362 2072 ut
1377 2027 1436 2090 pro
1455 2008 1535 2092 opti-

404 2116 509 2182 nendo
536 2123 669 2184 autres
694 2117 868 2200 predictas,
894 2121 952 2182 aut
976 2116 1117 2182 alteram
1134 2135 1265 2197 earum;
1290 2122 1349 2182 aut
1379 2117 1407 2181 si
1431 2121 1534 2183 totam

405 2225 584 2291 Amoream
601 2226 739 2310 optineri
756 2247 820 2290 non
841 2227 990 2310 possetis,
1016 2225 1133 2291 saltem
1150 2223 1308 2292 Civitates
1324 2225 1478 2292 Misithre
1502 2233 1534 2291 et

407 2333 551 2417 Patrasij
584 2354 656 2398 cum
684 2333 853 2398 Archadia
888 2340 920 2398 et
951 2332 1119 2399 maritima
1150 2333 1209 2400 illa
1240 2354 1342 2417 usque
1368 2333 1534 2400 civitatem
1646 2392 1653 2424 ,·

405 2449 550 2508 nostram
568 2442 729 2525 Mothoni‚
745 2447 778 2508 et
793 2463 851 2526 per
867 2463 993 2508 omnem
1017 2443 1102 2508 viam
1131 2447 1164 2508 et
1187 2443 1320 2510 modum
1336 2441 1535 2510 meliorando

406 2557 438 2616 et
455 2549 702 2632 avantiazando,
718 2550 919 2616 conditiones
934 2557 1065 2617 nostras
1082 2550 1220 2632 faciatis,
1231 2571 1355 2616 omnem
1373 2551 1536 2636 experien-

404 2661 493 2743 tiam,
508 2665 542 2724 et
556 2680 681 2724 omnem
705 2657 901 2726 industriam
921 2665 954 2724 et
978 2658 1183 2743 diligentiam
1199 2665 1340 2726 vestram
1366 2659 1535 2754 apponite3

405 2769 627 2854 quandovero
644 2769 733 2834 ultra
749 2789 797 2849 ea,
814 2790 876 2851 que
892 2767 1012 2853 ubique
1037 2775 1194 2850 tenemus,
1219 2767 1308 2835 nullo
1333 2769 1430 2834 modo
1447 2769 1535 2852 quic-

406 2899 505 2960 quam
529 2879 684 2959 consequi
707 2877 863 2960 possetis:
880 2878 1024 2944 contenti
1049 2897 1165 2959 sumus,
1189 2883 1228 2942 ut
1252 2897 1325 2942 cum
1345 2873 1535 2953 conditione

361 2993 364 3004 '
405 2987 492 3070 quod
508 2985 729 3070 unusquisque
754 3005 793 3048 ee
816 2991 937 3068 teneat,
961 3006 1024 3068 que
1039 2985 1140 3051 habet
1165 2985 1286 3070 ubique
1302 2985 1346 3052 ad
1362 2984 1537 3051 conclusio·

405 3115 478 3159 nem
504 3095 595 3177 pacis
626 3094 735 3176 ipsius,
768 3115 826 3176 per
856 3097 1015 3177 quantum
1040 3093 1082 3159 ad
1107 3115 1166 3160 nos
1191 3094 1310 3160 attinet
1336 3093 1535 3173 deveniatur,
1660 3105 1662 3164 ι

407 3203 502 3268 simul
518 3224 590 3268 cum
616 3201 729 3267 eadem
754 3199 931 3286 Majestate
948 3209 980 3268 et
996 3202 1168 3289 Colligatis
1184 3205 1355 3287 utriusque
1380 3208 1536 3284 nostrum,

407 3311 490 3377 hanc
513 3310 661 3377 ultimam
686 3311 898 3378 intentionem
921 3317 1067 3377 nostram
1092 3313 1341 3378 secretissimam
1368 3309 1457 3396 apud
1481 3331 1537 3376 vos
1659 3327 1662 3396 j

407 3421 556 3498 teneatis,
571 3425 609 3483 ut
624 3417 739 3483 melius
759 3421 888 3503 assequi
903 3421 1044 3503 possitis,
1060 3425 1218 3504 quantum
1234 3420 1384 3502 superius
1411 3417 1538 3484 ordina·
1659 3447 1662 3506 3

407 3549 486 3593 mus.
511 3527 635 3594 Verum
652 3527 812 3592 advertite
829 3529 1075 3611 diligentissime
1099 3536 1138 3594 ut
1162 3530 1196 3593 in
1220 3529 1307 3594 omni
1322 3549 1400 3594 casu
1416 3533 1449 3592 et
1464 3549 1538 3593 con-

407 3636 551 3702 clusione
577 3635 670 3702 nobis
696 3643 884 3702 remaneant
899 3638 1066 3704 territoria
1091 3644 1124 3702 et
1139 3636 1391 3704 <iurisdictiones
1416 3633 1540 3701 Civita-

407 3751 476 3809 tum
493 3750 679 3810 nostrarum
691 3743 853 3826 Mothoni‚
863 3743 992 3828 Coroni,
1003 3753 1036 3812 ct
1047 3744 1207 3830 Neapolis
1222 3746 1385 3813 Romanis
1400 3751 1434 3809 et
1449 3743 1540 3809 locus

407 3851 527 3935 Argos,
542 3859 575 3917 et
590 3854 795 3919 territorium
812 3855 910 3920 etiam
927 3853 1097 3939 Neopacti‚
1113 3855 1202 3938 quod
1219 3859 1296 3919 ante
1312 3851 1434 3918 bellum
1450 3857 1539 3915 tene·
1659 3865 1662 3874 ·

293 4021 297 4027 .
407 3961 530 4044 bemus,
548 3961 642 4027 nobis
667 3961 861 4027 restituatur
884 3970 917 4025 et
941 3967 1116 4028 remaneat.
1143 3959 1210 4029 Sed
1236 3961 1264 4026 si
1290 3959 1333 4028 ad
1358 3959 1539 4044 practicam

407 4069 492 4134 forte
508 4091 573 4135 non
600 4068 812 4134 deveniretis:
838 4068 993 4151 volumus,
1018 4077 1055 4135 ut
1070 4071 1114 4135 ad
1139 4072 1379 4155 expressionem
1403 4067 1543 4153 alicujus

407 4176 707 4261 particularitatem
738 4199 811 4242 cum
843 4177 968 4260 aliquo¹
986 4177 1173 4259 deveniatis,
1198 4177 1256 4243 sed
1281 4177 1369 4262 apud
1399 4197 1455 4244 vos
1486 4199 1542 4243 eas

408 4291 525 4352 tenete.
549 4285 595 4350 Et
611 4289 649 4349 ut
666 4286 776 4350 omnia
792 4287 881 4350 vobis
906 4294 984 4351 nota
1001 4288 1075 4369 sint,
1091 4309 1147 4354 vos
1173 4287 1359 4353 advisamus
1375 4283 1543 4369 Amarbey

408 4417 510 4479 nuper
540 4392 747 4476 requisivisse
773 4393 926 4478 Bajulum
952 4406 1100 4462 nostrum
1130 4396 1348 4482 Nigropontie
1381 4395 1422 4460 de
1453 4415 1542 4478 pace,

409 4503 463 4586 qui
480 4502 618 4589 Bajulus
635 4503 809 4584 respondit,
826 4503 952 4570 nullum
968 4527 988 4570 a
1003 4505 1098 4572 nobis
1114 4506 1155 4572 de
1171 4506 1230 4571 tali
1255 4503 1394 4571 materia
1419 4502 1542 4570 habere
