3336 5258
361 359 427 420 440
717 377 953 425 umnonnozrm
971 337 1140 423 urrunnun.

370 589 490 608 ......
508 540 725 607 offerendome
741 541 783 605 ad
803 558 896 606 omno
912 539 1042 622 piaoere
1067 537 1107 604 de
1123 541 1241 624 quella.
1258 538 1384 608 Datum
1401 541 1494 608 Bude

363 650 397 715 di
413 647 554 717 eVIIII.
570 648 595 714 J
596 649 654 735 ulij
671 644 981 715 MOOOOLXXX.

909 754 963 821 De
979 761 1089 821 vostra
1105 754 1261 840 Signorin
1276 778 1355 824 cara
1370 755 1452 826 Sere

1036 863 1166 948 Regina
1181 865 1327 932 Beatrix.

473 975 585 1042 Ill-mo
601 971 741 1040 Domine
758 971 939 1038 Helionore
963 971 1104 1039 Duoisse
1120 973 1276 1041 Ferrarie
1303 998 1342 1041 ao
1367 975 1497 1042 Mutine

367 1094 399 1152 et
415 1085 558 1171 Rodigii,
575 1081 688 1151 Sorori
705 1089 738 1148 et
754 1082 897 1149 Domine
913 1081 1157 1150 Colendissime.

467 1249 617 1312 (Modeunt
630 1248 791 1310 tllsmlttr).

900 1629 973 1694 290.

372 1796 469 1860 1480.
485 1793 626 1858 Boatriae
642 1791 805 1880 kirdlyne,
822 1817 843 1858 a
857 1791 1012 1875 ferrdroi
1027 1804 1196 1880 oyyetornre
1212 1793 1338 1858 ke'ozttto'
1354 1794 1501 1856 modroni

367 1902 494 1989 pueptr'k
503 1899 728 1966 onokatioscott
738 1923 759 1964 a
772 1899 923 1980 ferraret
933 1901 1103 1986 horozeqne‘
1109 1899 1346 1986 pdrtfogcisdbo
1357 1900 1500 1985 ojdnljo.

586 2058 686 2126 Soror
702 2081 775 2125 mea
791 2057 1000 2126 honoranda!

476 2186 703 2252 Illustrissima
719 2186 852 2252 domina
876 2206 969 2250 soror
994 2205 1067 2250 mea
1092 2184 1291 2252 honoranda.
1309 2184 1361 2252 Ob
1379 2186 1502 2269 specia-

254 2291 255 2294 '
370 2297 432 2361 leur
456 2293 618 2373 affectum,
645 2295 798 2377 quemad
823 2293 1041 2359 confessorem
1072 2299 1218 2358 nostrum
1249 2295 1402 2379 gerimus,
1434 2297 1501 2358 tum

370 2405 468 2470 etiam
483 2409 618 2487 propter
636 2403 705 2468 eius
716 2405 853 2468 virtutes
869 2405 898 2467 ei
910 2403 1145 2486 Episcopatum
1156 2401 1352 2469 contulimus
1366 2399 1503 2466 Modru-

372 2510 518 2592 siensem,
534 2515 693 2594 nepotem,
710 2511 850 2576 latorem
869 2509 1020 2576 videlicet
1045 2509 1246 2594 presentium
1272 2508 1436 2574 missimus
1461 2509 1503 2575 ad

371 2617 515 2683 studium
531 2617 710 2682 literarum.
727 2613 869 2682 Oramus
894 2617 995 2700 igitur
1012 2617 1089 2701 Vos,
1104 2623 1141 2682 ut
1166 2639 1241 2682 eum
1264 2616 1385 2681 intuitu
1400 2619 1504 2684 nostri

372 2731 557 2809 susceptum
582 2724 876 2808 comendatumque
900 2725 1095 2805 habeamini,
1113 2746 1177 2809 quo
1195 2725 1312 2809 etipse
1327 2725 1412 2790 hano
1431 2733 1519 2790 nos·'

371 2839 459 2899 tram
475 2835 754 2900 comendationem
772 2841 949 2919 eognoscat
974 2855 1044 2900 esse
1070 2834 1133 2899 sibi
1159 2832 1366 2918 profuturam
1382 2840 1416 2899 et
1432 2855 1504 2899 oon-

371 2942 474 3008 fessor
489 2949 600 3009 noster
616 2966 655 3010 ex
671 2943 733 3010 hoo
748 2967 812 3010 non
828 2944 959 3028 ignoret
975 2950 1121 3011 nostram
1137 2966 1218 3030 erga
1230 2964 1287 3009 vos
1305 2966 1422 3009 vanam
1439 2962 1504 3007 non

372 3051 472 3116 fuisso
497 3052 788 3118 comendationem.
814 3051 885 3118 Nos
911 3053 996 3117 enim
1023 3053 1107 3118 huno
1129 3053 1281 3137 juvenem
1307 3051 1505 3137 suscepimus

373 3180 433 3243 pro
451 3161 560 3226 anima
585 3161 754 3243 genitricis
781 3168 893 3226 nostre
919 3182 1023 3244 usque
1040 3159 1083 3226 ad
1099 3160 1239 3244 gradum
1265 3159 1455 3226 doctoratus
1470 3160 1505 3224 iu

376 3268 483 3334 studio
499 3268 618 3352 fovere,
635 3291 730 3353 quom
747 3277 781 3335 et
791 3291 847 3335 vos
857 3271 974 3336 matris
990 3292 1054 3335 non
1071 3271 1265 3336 inmemores
1281 3267 1505 3335 comendatum

374 3375 495 3441 habere
511 3374 698 3462 dignemini,
715 3398 812 3461 quem
828 3375 997 3462 discipline
1023 3377 1176 3467 Magistri
1192 3377 1331 3444 Boarini
1356 3376 1432 3457 filio,
1449 3383 1507 3442 aut

375 3485 480 3565 alteri,
498 3487 549 3549 oui
566 3484 660 3550 vobis
677 3483 793 3551 melius
810 3485 912 3550 visum
933 3485 1041 3569 suerit,
1067 3485 1266 3552 inbuendum
1290 3484 1422 3550 tradere
1439 3485 1507 3567 dig·

375 3593 504 3658 nemini.
520 3591 645 3658 Datum
671 3592 830 3680 Strigonij
856 3593 921 3660 Die
937 3593 1018 3666 XV.
1037 3595 1163 3662 Mensis
1180 3590 1324 3677 Augusti
1340 3591 1507 3660 Muccu-

375 3699 525 3766 LXXX.
710 3726 712 3736 ¹

797 3813 927 3895 Regina
943 3813 1082 3878 Beatrix

421 3919 472 3984 De
490 3927 601 3986 vostra
616 3920 728 3987 Ill-rna
744 3921 776 3987 S.
794 3920 972 3988 obediende
989 3943 1060 3988 sore
1077 3922 1109 3986 la
1125 3921 1255 4005 Regina
1271 3919 1463 4004 D’ungaria.

484 4065 714 4133 illustrissima
740 4067 884 4133 Domina
908 4069 1077 4152 Elyonora
1102 4067 1141 4133 de
1165 4065 1348 4150 Aragonia,
1365 4065 1508 4130 Ferrara

377 4172 523 4240 Ducisse.
1341 4167 1350 4196 ⁶

484 4338 624 4401 (Modenui
637 4339 800 4406 illumlttr.)
