3336 5252
366 345 431 409 000
719 369 953 420 orruoueczrsr
971 361 1139 423 uuutuurr.

364 542 495 607 ensibus
512 545 627 612 habuit
642 551 735 632 quasi
753 555 796 616 50
812 551 917 618 millia
932 553 1106 637 homiuum,
1120 577 1159 622 ex
1171 555 1342 643 Hungaris
1361 562 1497 627 armatis

365 665 459 740 1000,
470 656 805 744 quibuscongregatis
822 660 940 742 videns,
956 662 1043 746 quod
1056 687 1118 730 nou
1136 673 1245 748 posset
1256 667 1371 734 Turcis
1382 691 1492 735 occur·

364 789 435 834 rere
450 769 485 832 iu
501 767 635 849 campis,
650 769 837 833 retrocessit
853 768 896 834 ad
912 769 983 836 loca
999 771 1146 854 fortiora,
1163 782 1196 840 et
1212 775 1290 841 iecit
1305 777 1495 844 comburere

361 887 490 942 omnem
516 875 723 958 provintiam,
747 897 806 958 per
834 899 931 959 quam
947 885 1039 944 eraut
1066 884 1193 946 venturi
1216 883 1325 966 Turni,
1341 907 1381 950 ne
1398 886 1496 952 habe·

362 991 437 1052 rent
452 983 617 1062 victualia,
642 1005 703 1068 que
719 985 796 1050 dum
822 985 985 1070 aliquibus
1010 987 1124 1054 diebus
1149 993 1288 1075 penuria
1306 995 1494 1062 victualium

361 1093 565 1159 laborassent
582 1099 615 1158 et
627 1093 762 1174 fatigate
772 1101 888 1176 esseut,
898 1095 1181 1163 faciebauttamen
1196 1107 1271 1184 post
1286 1123 1321 1166 se
1338 1104 1494 1170 victualia

362 1202 489 1268 deferre
504 1200 544 1266 de
562 1200 780 1284 Transalpina
794 1223 852 1284 per
868 1223 981 1268 currus
1008 1211 1041 1268 et
1057 1201 1221 1287 animalia,
1247 1231 1310 1292 que
1326 1231 1390 1276 uon
1406 1219 1496 1297 pote·

361 1317 438 1374 rant
453 1331 491 1374 eo
501 1315 656 1403 tempore
682 1309 782 1392 sequi.
807 1311 1059 1394 Deputaveruut
1083 1321 1207 1396 septem
1224 1314 1394 1400 Vajvodes
1412 1303 1494 1385 Tur-

360 1441 471 1510 corum
495 1419 539 1484 ad
563 1418 761 1501 rumpendas
787 1419 957 1502 indagines
982 1442 1040 1504 pro
1067 1423 1264 1505 recipiendis
1290 1411 1497 1510 victualibus,

360 1551 426 1597 uon
440 1534 563 1594 remote
578 1527 635 1592 ubi
651 1533 745 1593 eraut
761 1525 864 1593 Siculi
880 1536 914 1592 et
931 1535 1043 1611 gentes
1059 1527 1218 1614 Stephani
1245 1531 1405 1616 Vajvodc,
1422 1520 1493 1620 qui·

362 1640 422 1705 bus
438 1637 537 1704 iidem
555 1635 656 1702 Siculi
681 1643 873 1702 occurerunt
898 1638 940 1702 ad
957 1659 1100 1721 pugnam
1128 1646 1160 1705 et
1177 1647 1426 1724 prostraverunt
1441 1649 1497 1710 'eos

362 1749 395 1813 in
420 1746 564 1832 quodam
589 1745 660 1812 loco
676 1751 776 1811 arcto.
801 1745 853 1810 Ex
879 1746 945 1812 alia
961 1753 1056 1829 parte
1080 1749 1200 1814 iterum
1230 1757 1422 1835 receperunt
1438 1751 1497 1816 illa

361 1857 523 1936 victualia,
540 1877 603 1939 que
619 1853 822 1920 ducebantur
838 1861 913 1937 post
928 1855 1070 1936 'lurcos3
1102 1857 1250 1922 videntes
1266 1865 1389 1942 autem,
1405 1860 1495 1942 quod

362 1956 497 2031 fortuna
513 1985 625 2028 eorum
640 1969 898 2046 prosperaretur,
914 1964 946 2027 iu
963 1961 1047 2029 festo
1064 1963 1176 2030 Sancti
1194 1967 1290 2032 Pauli
1306 1969 1404 2051 primi
1416 1969 1494 2034 Ere·

362 2074 451 2156 mite,
468 2071 555 2155 quod
571 2073 644 2136 erat
659 2069 743 2136 feria
758 2071 868 2135 'tertia
882 2057 931 2136 'de
949 2093 1041 2138 mane
1069 2073 1132 2138 toti
1148 2075 1305 2140 exercitui
1328 2081 1494 2142 turcorum

360 2180 548 2267 inquadam
574 2179 691 2244 stricta
715 2185 748 2244 et
763 2179 911 2245 luctuosa
926 2179 1021 2260 valle,
1046 2181 1102 2246 uhi
1129 2182 1212 2246 turci
1238 2190 1376 2266 propter
1401 2185 1495 2250 vallis

362 2297 490 2356 arctum
507 2288 606 2354 situm
622 2307 686 2351 non
717 2293 871 2374 poterant
887 2308 921 2352 se
938 2288 979 2353 ad
996 2287 1187 2354 condictum
1213 2289 1295 2355 bene
1311 2291 1496 2371 extendere,

362 2406 395 2464 et
411 2397 481 2464 alas
506 2395 654 2476 dilatare,
679 2402 873 2461 occurerunt
897 2397 940 2462 ad
966 2417 1118 2480 pugnam,
1143 2401 1256 2462 eontra
1287 2387 1371 2482 quos
1397 2401 1495 2465 tertia

362 2509 453 2590 feria,
470 2506 522 2571 die
537 2529 576 2572 ac
593 2509 687 2571 noete
711 2505 757 2569 sic
772 2525 831 2570 suo
856 2505 952 2570 modo
969 2505 1052 2571 feria
1069 2513 1304 2591 quartausque
1320 2505 1495 2574 odierium

361 2616 510 2701 quintam
539 2615 581 2680 sic
607 2611 736 2678 fortiter
761 2619 998 2696 pugnaverunt,
1030 2615 1087 2678 sed
1103 2635 1168 2678 nou
1193 2621 1349 2698 poteraut
1366 2637 1494 2682 movere

361 2723 539 2789 exercitum
556 2720 748 2801 Turrorum,
766 2741 804 2784 ex
820 2741 883 2802 quo
909 2727 981 2785 erat
998 2721 1172 2786 multitudo
1199 2745 1328 2806 magua.
1344 2722 1494 2790 Tandem

361 2831 444 2898 feria
459 2831 574 2914 quinta
589 2828 641 2893 die
657 2828 840 2894 lucescente
855 2827 1031 2892 fortissime
1048 2831 1080 2893 iu
1097 2851 1153 2894 eos
1169 2829 1403 2912 prosiluerunt,
1413 2831 1493 2897 mul·

361 2945 413 3006 tos
438 2961 477 3005 ex
509 2938 556 3004 eis
588 2935 764 3003 occidendo
781 2935 895 3020 sagitis
926 2943 959 3000 et
976 2937 1114 3018 lanceis3
1146 2937 1291 3002 videntes
1313 2937 1412 3004 Turci
1430 2961 1492 3004 non

360 3069 454 3132 posse
486 3047 646 3126 resistere,
670 3051 764 3127 terge
795 3049 972 3122 verterunt,
1001 3066 1082 3128 quos
1114 3043 1254 3110 Valachi
1287 3050 1319 3109 et
1336 3043 1441 3112 Siculi
1457 3069 1495 3113 ac

360 3156 488 3238 Ungari
504 3156 717 3237 insequentes,
733 3152 874 3216 maxima
899 3158 1008 3234 strage
1033 3151 1222 3217 affecerunt.
1256 3151 1397 3218 Bassam
1415 3153 1494 3219 Tur·

360 3265 503 3344 chorum,
519 3263 620 3327 lilium
636 3262 840 3345 imperatoris
856 3267 888 3326 et
905 3258 1029 3344 Alibeg
1050 3282 1122 3326 cum
1154 3260 1320 3325 nonnullis
1337 3259 1495 3346 Vajvodis

361 3382 526 3439 turcorum
543 3377 575 3436 et
591 3369 738 3455 plurimis
754 3377 920 3434 turcorum
931 3369 1133 3452 captivando,
1145 3389 1184 3432 ex
1199 3369 1266 3434 alia
1281 3375 1378 3452 parte
1394 3369 1494 3436 Bouo-

362 3481 423 3546 rad
438 3480 552 3564 major,
570 3479 624 3560 qui
643 3485 715 3542 erat
739 3479 772 3541 in
798 3476 940 3560 quodam
965 3483 1078 3542 castra
1103 3477 1253 3542 obsessus
1279 3499 1338 3561 per
1352 3479 1493 3558 turchos,

362 3589 474 3654 videus
490 3589 598 3670 sugam
614 3591 791 3664 turcorum,
816 3584 855 3649 de
881 3591 988 3650 castro
1005 3585 1164 3669 prosiluit,
1193 3591 1226 3650 et
1242 3607 1363 3668 magna
1378 3586 1495 3651 damna

362 3697 462 3761 turcis
477 3693 678 3778 fugientibus
702 3693 822 3773 intulit,
846 3694 932 3758 uude
947 3700 1020 3758 tota
1044 3693 1202 3758 fortitudo
1219 3706 1387 3759 turcorum
1404 3693 1495 3759 dissi-

360 3811 441 3887 pata
456 3803 571 3884 extitit,
588 3823 765 3884 superque
791 3803 930 3867 victoria
955 3807 1026 3866 tota
1042 3801 1270 3866 'transilvania
1287 3825 1373 3867 nuuc
1389 3803 1423 3867 iu
1440 3804 1494 3868 tri-

360 3912 480 3995 umpho
496 3910 585 3974 ducit
600 3910 668 3975 dies
684 3931 776 3990 suos3
793 3911 858 3975 ista
874 3908 953 3974 deus
970 3909 1154 3974 misericors
1172 3933 1257 3975 nunc
1273 3915 1428 3992 operatus
1441 3917 1492 3974 est

361 4042 419 4102 per
449 4018 588 4082 humiles
618 4039 734 4082 manus
764 4018 930 4082 hominum
962 4018 995 4080 in
1036 4016 1256 4082 destructione
1287 4017 1489 4082 inimicorum

362 4127 633 4192 Christianorum.
659 4127 710 4190 Ex
737 4125 848 4191 Torda
873 4125 955 4190 feria
978 4124 1079 4189 tertia
1104 4127 1251 4207 proxima
1280 4131 1357 4190 aute
1375 4125 1491 4190 festum

362 4235 587 4304 Conversiouis
597 4232 629 4299 S.
648 4234 744 4299 Pauli
761 4234 899 4318 apostoli
925 4255 1011 4298 anno
1033 4235 1125 4296 1475.

469 4398 627 4468 (Velenozei
640 4397 839 4462 sillamlrbnyr.)

850 4575 966 4588 ,μμ-.-.-
989 4577 1006 4586 .-
