3334 5276
379 360 421 420 58
522 389 524 395 .
731 371 965 417 omuousczmr
981 357 1149 442 nutrimus.

376 533 566 614 Albaniam,
582 531 626 596 ad
641 531 731 615 eujus
748 533 934 617 oppositum
957 531 1091 598 fecimus
1107 537 1140 594 et
1155 529 1292 596 iacimus
1310 551 1421 595 omnes
1437 550 1509 612 pos-

333 700 336 709 .
378 642 490 708 sibiles
508 638 714 725 provisiones.
733 640 850 707 Sumus
867 645 1017 722 preterea
1042 639 1128 703 inter
1155 637 1213 703 hos
1239 636 1308 703 dies
1325 637 1508 722 expedituri

375 750 536 818 Oratores
562 755 690 814 nostros
716 747 758 813 ad
775 747 807 814 S.
824 745 1025 828 Pontificem,
1042 767 1123 830 quos
1139 746 1209 829 jam
1226 751 1301 810 ante
1319 743 1504 828 delegimus,

376 857 487 942 eisque
504 855 651 922 dabimus
667 857 699 921 in
718 854 939 936 mandabant
954 853 995 920 R.
1013 851 1211 918 Paternitati
1228 853 1292 921 Sue
1309 852 1397 937 apud
1412 850 1507 918 Rom.

373 964 566 1032 Pontificem
583 983 694 1029 omnes
711 963 838 1028 favores
854 960 1027 1044 possibiles
1043 960 1229 1045 impendere
1246 961 1393 1026 debeant.

354 1125 357 1135 .
480 1070 655 1139 Oratorem
671 1093 747 1136 voro
763 1078 910 1137 nostrum
924 1070 1131 1154 jampridem
1150 1069 1356 1153 designatum
1383 1067 1425 1132 ad
1441 1067 1505 1131 Re·

373 1183 460 1265 giam
484 1181 695 1266 Majestatem
721 1179 892 1264 Huogarie
917 1179 1059 1244 libenter
1085 1177 1239 1262 expedire
1257 1177 1451 1258 curabimus,
1470 1182 1505 1238 ut

376 1291 419 1356 sit
434 1290 522 1374 apud
538 1288 756 1356 Serenitatem
773 1287 882 1354 Suam.

481 1395 555 1462 Hoc
571 1417 762 1480 responsum
777 1400 931 1477 nostrum,
942 1396 996 1460 ubi
1008 1415 1089 1478 opus
1100 1396 1151 1480 sit,
1165 1393 1338 1480 justificari
1349 1399 1382 1460 et
1392 1393 1504 1458 hones·

374 1508 441 1571 tari
458 1504 584 1584 debeat,
600 1504 683 1570 sicut
698 1502 861 1571 videbitur
877 1501 1036 1586 Collegio.

481 1612 523 1695 -l-
572 1615 636 1680 164
683 1652 725 1661 -
772 1617 793 1676 Ο
839 1647 881 1660 -
929 1618 958 1676 0.

482 1775 545 1840 Die
561 1774 674 1840 ultimo
692 1775 784 1858 Maij.

376 1891 394 1948 3
413 1881 599 1964 Consiliarij
751 1881 755 1904 ¹
849 1879 945 1964 Quod
956 1879 1089 1948 Oratori
1102 1883 1204 1966 Regis
1216 1883 1502 1966 MajestatisHun·

378 1988 704 2089 [Sapi—en—sOonsilij
740 2082 749 2087 -
803 1990 895 2072 garie
912 1988 955 2054 ad
980 2010 1027 2069 ea,
1045 2010 1107 2072 que
1125 1989 1286 2056 Oretanos
1304 1993 1447 2074 scripsit,
1471 2000 1503 2056 et

373 2084 556 2180 inscriptis
581 2081 753 2178 fflr
778 2097 925 2161 cedulam
943 2097 1060 2162 lectam
1077 2097 1153 2162 huic
1182 2095 1346 2164 Consilio:
1373 2120 1502 2184 respon·
1618 2149 1623 2161 ,

373 2205 499 2285 deatur,
524 2205 611 2290 quod
636 2205 864 2287 intelleximus,
890 2209 1047 2286 quantem]
1074 2205 1182 2287 Regia
1206 2203 1368 2289 Majestas
1389 2215 1502 2292 optare

372 2312 508 2394 videtur,
532 2311 713 2394 intelligere
736 2316 915 2394 apparatus
941 2319 1070 2378 nostros
1096 2318 1212 2379 contra
1238 2335 1405 2379 comunem
1432 2316 1502 2381 hos-

372 2425 447 2500 tem,
463 2441 586 2502 nosque
612 2426 725 2484 notum
744 2419 805 2484 tibi
831 2419 973 2500 facimus,
999 2420 1085 2502 quod
1109 2420 1264 2486 babemus
1281 2423 1502 2507 impresentia-

372 2551 442 2593 rum
460 2531 608 2594 triremes
624 2530 739 2594 XL-ta
756 2535 788 2592 et
806 2528 895 2593 ultra
910 2550 948 2592 ac
963 2549 1061 2594 naves
1087 2539 1229 2612 quatuor
1245 2553 1381 2612 magnas
1398 2553 1501 2599 arma-

372 2646 424 2704 tas
441 2637 482 2702 ad
500 2639 683 2721 oppositum
702 2635 808 2717 Turni,
826 2636 979 2702 habemus
996 2660 1122 2720 quoque
1140 2639 1172 2701 in
1196 2641 1343 2720 partibus
1359 2638 1501 2706 Albania

373 2752 405 2810 et
421 2747 587 2812 Dalmatia
602 2745 722 2810 bonum
746 2767 913 2810 numerrun
940 2747 1085 2827 gentium
1110 2749 1348 2830 armigeratum
1366 2755 1399 2815 et
1414 2751 1500 2834 pedi·

374 2861 450 2936 tum,
465 2861 496 2918 et
513 2851 663 2918 similiter
688 2854 720 2916 in
738 2853 890 2934 Amorea,
907 2861 942 2918 ut
968 2876 1027 2938 pro
1054 2862 1176 2939 quanto
1202 2857 1392 2939 poterimus,
1408 2860 1501 2923 resis-

372 2967 440 3026 tere
456 2982 626 3044 possumus
642 2962 769 3043 potenti
786 2961 881 3046 hujus
899 2964 1010 3046 hostis,
1026 2984 1122 3045 quem
1148 2965 1317 3029 certificati
1335 2988 1446 3031 sumus
1461 2966 1500 3029 de

372 3070 516 3152 proxime
532 3091 604 3168 cum
620 3071 746 3152 potenti
772 3071 915 3136 exercitu
941 3073 1105 3155 expectari
1130 3072 1161 3136 in
1181 3069 1336 3151 Albania,
1361 3079 1399 3138 ut
1422 3079 1500 3156 agat

373 3184 487 3243 contra
500 3199 559 3242 nos
574 3183 606 3240 et
622 3183 750 3243 nostros
765 3178 799 3241 in
815 3179 961 3262 partibus
977 3180 1051 3245 illas
1068 3187 1102 3245 et
1118 3187 1179 3244 eto.

481 3281 532 3347 De
549 3290 643 3366 parte
662 3288 712 3347 57.

481 3447 636 3508 (Velenczei
650 3447 827 3513 allamkonyv
841 3455 883 3499 43.
897 3451 927 3506 l.)
