3340 5260
513 315 515 324 ’
735 325 829 410 llll.
1281 296 1356 412 aar

218 521 374 605 quaslare
391 511 500 602 quello
517 521 662 604 castello,
678 524 774 606 quale
792 545 809 587 e
825 525 859 588 in
875 545 956 608 capo
988 523 1041 589 del
1067 530 1198 607 streete,
1225 528 1347 610 perche

217 629 384 696 destructo
410 630 528 713 quello,
545 651 619 695 sera
635 635 816 696 constrecto
832 631 862 696 el
879 631 987 698 Turoo
1003 638 1116 700 tenero
1131 634 1165 698 la
1180 634 1237 718 piu
1253 641 1348 718 paule

218 737 273 804 del
288 759 346 804 suo
361 739 504 804 exercito
520 737 563 804 ad
577 739 611 804 la
627 739 754 823 guarda
779 740 823 806 da
849 737 1145 825 Constantinopoli,
1172 747 1205 808 el
1230 763 1346 809 sorano

219 847 321 911 molto
337 846 500 912 diminuiti
514 848 545 912 le
569 868 623 913 soe
648 868 805 930 possenna
830 855 947 914 contra
971 848 1099 933 Ungari
1124 855 1158 915 et
1180 847 1349 917 Albanesi.

322 970 544 1060 (Kc'tae'qlcivill
561 975 720 1039 llll-beo
735 976 848 1041 irololl
857 976 1025 1062 september
1034 999 1120 1062 caqy
1135 977 1346 1062 octoberbco.)

324 1135 450 1197 (Milfinoi
462 1137 623 1199 ullamlltir.)

696 1317 856 1328 nnn—nano·

746 1555 818 1616 168.

217 1729 307 1794 1471.
323 1729 491 1797 Simonelli
505 1731 610 1797 Joioon
625 1753 646 1795 u
663 1731 803 1795 mildnoi
818 1733 970 1818 hocaeqet
986 1757 1007 1797 c
1017 1729 1139 1822 leoyyel
1157 1731 1340 1821 kirdlynok

306 1863 328 1904 a
342 1863 482 1927 maqyor
497 1840 609 1927 kiroly
624 1836 718 1904 ellani
732 1841 814 1904 lodi
829 1839 1035 1906 keazlllcterssl
1057 1842 1226 1928 &docilia

322 2034 492 2102 lohannes
510 2035 704 2121 Symonetla
720 2035 751 2101 al
768 2034 864 2102 Duce
878 2034 912 2100 di
929 2034 1067 2101 Milano.

320 2143 410 2224 Hogi
426 2143 468 2210 ho
482 2145 626 2209 ricevuto
643 2140 705 2208 due
720 2142 836 2207 lettere
862 2163 922 2226 per
948 2142 980 2207 la
995 2143 1048 2208 via
1063 2141 1142 2209 delli
1158 2143 1292 2209 corrieri
1308 2143 1342 2210 di

216 2245 437 2336 Mercadanti‚
460 2258 591 2336 ‘pollute
621 2251 664 2316 da
680 2250 834 2331 Veneria,
859 2249 944 2316 delle
969 2251 1058 2333 quali
1082 2250 1169 2315 l’una
1183 2271 1223 2316 nc
1238 2252 1342 2318 scrive

212 2356 357 2425 Hercule
373 2355 426 2423 del
443 2360 576 2443 Mayno‚
592 2349 700 2423 l’alira
715 2358 745 2424 el
761 2355 885 2444 figliolo
896 2356 935 2422 de
952 2356 1099 2422 Antonio
1115 2356 1341 2426 deMarllano.

213 2465 243 2530 Ε
261 2465 380 2550 perche
395 2473 481 2532 tutte
499 2467 560 2532 due
576 2467 684 2531 hanno
701 2487 768 2531 nna
783 2465 872 2530 male
887 2465 1007 2530 lettera
1023 2463 1067 2530 da
1082 2465 1222 2548 leggerc,
1246 2467 1278 2531 le
1293 2467 1338 2534 ha

211 2571 299 2639 sacto
315 2575 459 2658 copiare,
475 2581 507 2640 el
523 2574 643 2640 mando
658 2573 689 2639 lo
705 2573 796 2658 copie
813 2574 869 2656 qui
884 2573 1007 2638 incluse
1023 2572 1067 2638 ad
1077 2570 1203 2640 vostra
1220 2571 1336 2659 Signo·

212 2683 263 2747 ria
287 2703 360 2747 cum
383 2681 407 2746 li
434 2682 588 2765 originali
613 2681 750 2764 alligati,
775 2703 793 2746 e
818 2680 939 2763 perche
966 2681 1000 2745 in
1026 2676 1113 2745 l’una
1129 2686 1161 2745 et
1175 2681 1209 2746 in
1226 2681 1337 2748 l’altra

211 2809 302 2854 come
324 2787 363 2856 V.
378 2786 533 2872 Signoria
548 2790 676 2872 vedere,
694 2809 728 2854 se
753 2788 786 2855 la
811 2789 974 2854 mentione
1000 2785 1088 2853 della
1122 2807 1251 2871 guerra,
1274 2791 1334 2857 che

214 2903 407 2992 nucamenta
424 2897 467 2963 ha
482 2919 590 2964 moeso
607 2895 639 2962 el
655 2897 705 2963 Re
722 2897 762 2963 de
779 2897 920 2963 Polonia
935 2898 1049 2962 contro
1065 2897 1096 2962 el
1110 2893 1163 2963 Ro
1174 2895 1339 2981 d’Unghe·

209 3005 269 3088 ria,
292 3006 324 3070 io
348 3027 389 3070 ne
415 3005 458 3070 ho
482 3005 612 3088 perlato
637 3027 697 3072 con
723 3010 839 3089 questo
854 3003 1101 3070 Revendissimo
1117 3002 1333 3089 Monsignore

210 3108 387 3178 Cardinale
407 3111 442 3178 di
459 3110 555 3195 Seno,
570 3111 666 3196 quale
682 3111 763 3194 dice,
780 3112 852 3178 chel
868 3111 973 3194 crede,
988 3110 1047 3176 ohe
1057 3110 1198 3193 siavero,
1211 3120 1335 3196 quante

209 3241 243 3285 se
259 3221 404 3286 contiene
420 3219 455 3284 in
471 3220 557 3286 dicte
572 3221 696 3303 lettere,
714 3219 831 3304 perche
847 3219 960 3284 niante
976 3239 1011 3284 oe
1027 3219 1168 3303 paruisse
1187 3220 1228 3285 de
1252 3221 1333 3288 Ale·

209 3350 341 3413 magna,
356 3328 438 3394 ebbe
454 3328 550 3412 copia
566 3327 664 3395 d’unc
678 3328 799 3400 lettera
814 3327 854 3393 de
871 3327 999 3396 disfida.
1015 3327 1113 3410 quale
1123 3328 1334 3398 hamanduto

210 3437 243 3503 lo
267 3439 318 3504 Re
343 3439 383 3505 dc
409 3437 549 3505 Polonia
571 3440 604 3503 el
630 3437 718 3505 dicto
743 3435 794 3504 Re
821 3433 1034 3521 d’Ungherio,
1059 3458 1119 3520 per
1143 3437 1178 3503 la
1194 3436 1292 3521 quale
1307 3439 1332 3504 li

207 3545 416 3627 denunciare,
432 3567 523 3612 como
539 3545 585 3612 lui
600 3567 666 3612 non
681 3546 806 3610 havera
821 3544 864 3610 ad
880 3545 951 3610 fare
968 3545 1076 3610 niente
1091 3545 1126 3609 in
1151 3545 1240 3611 dicto
1264 3567 1335 3612 rea·

207 3675 257 3720 me
272 3651 484 3738 d’Ungheria,
500 3661 533 3720 el
548 3655 607 3720 che
623 3654 656 3719 lo
672 3658 789 3719 leneva
804 3674 862 3736 per
886 3652 1010 3719 tironia
1034 3658 1068 3718 et
1093 3652 1152 3718 che
1177 3659 1332 3738 spectava

209 3762 429 3828 debitnmente
454 3761 498 3828 ad
521 3762 569 3827 lui
593 3761 645 3828 Re
671 3761 711 3827 de
736 3759 888 3843 Pollana,
913 3780 1005 3826 como
1030 3759 1179 3842 legitimo
1196 3766 1231 3825 et
1243 3762 1333 3846 justo

207 3891 392 3936 successore
407 3869 442 3936 in
458 3870 546 3936 dicto
561 3890 679 3953 reama,
696 3877 728 3936 et
738 3869 812 3934 chel
822 3868 997 3934 intendero
1014 3867 1152 3952 pigliare
1167 3864 1332 3952 l’impreaa

206 4000 266 4043 con
281 3977 328 4045 lui
344 3984 379 4045 et
391 3977 425 4046 la
439 3979 642 4064 protectione
659 3973 762 4044 d’eauo
779 3999 897 4061 reama,
913 3976 966 4042 del
987 3977 1085 4059 quale
1100 3996 1157 4060 per
1194 3999 1252 4043 suo
1277 3977 1331 4042 de·
1434 4067 1436 4072 ι

205 4085 290 4152 lecto
315 4107 381 4152 una
406 4086 492 4152 bona
516 4093 612 4170 parte
638 4108 695 4152 era
722 4091 901 4170 pervenute
925 4087 959 4150 in
985 4085 1016 4149 le
1033 4084 1123 4149 mani
1139 4083 1193 4150 del
1210 4081 1328 4152 Turco.

206 4193 385 4262 Mediolani
401 4195 454 4260 die
471 4189 576 4261 XIII.
590 4195 783 4262 Decembris
803 4197 898 4261 1471.

872 4303 878 4315 “
920 4301 1065 4367 Jounnes
1082 4299 1284 4386 Symonetta.

309 4394 439 4456 (Milnnoi
453 4396 613 4460 allamltar.)

685 4572 845 4587 ...ψ-...-
