3356 5266
657 252 753 317 1407.
857 341 858 344 Ν
952 215 954 223 ’
1230 243 1268 302 71

140 438 292 518 tentiam,
323 444 360 503 ut
389 437 423 500 in
453 437 525 518 ipsa
554 431 674 500 inclusi
704 432 770 495 sint
800 427 1005 504 adherentes,
1036 419 1209 504 complices
1241 425 1272 482 et

10 581 12 584 ·
141 567 299 628 sequaces
314 543 426 610 nostri.

252 649 295 734 ΔΓ
341 653 384 716 os
430 685 473 698 -
521 653 563 716 ss
610 682 653 694 -
703 651 752 712 rr.

252 813 409 876 (Velenczei
422 811 602 877 illnnlsdnyv
617 815 659 861 77.
672 809 702 871 l.)

687 1229 741 1294 42.

151 1409 249 1474 1467.
266 1411 296 1472 A
314 1375 469 1473 celenensi
484 1408 707 1474 dilamtaoa'cs
723 1409 992 1497 oroyyarorsadgi
1006 1407 1125 1473 kdvetdt
1142 1432 1164 1474 α
1179 1407 1282 1474 roret-

151 1517 311 1582 relicturi
322 1509 768 1605 seqyuersz'iloetirduyddon
783 1517 1138 1602 kdoeteuddeljdrdordl
1149 1515 1282 1582 e'rtesiti.
1379 1517 1388 1528 ⁸

151 1693 459 1764 MGOCGLXVII
475 1697 528 1763 die
543 1699 648 1782 primo
666 1697 868 1765 Decembris

262 1804 399 1872 Oratori
415 1810 527 1872 nostro
543 1805 587 1873 ad
603 1806 850 1875 Serenissimum
866 1806 989 1892 Regem
1006 1805 1167 1892 Hugarie.

154 1929 365 2016 fiSapientes
381 1929 521 2018 Consilij
686 1933 850 2001 Proximis
881 1934 932 2002 his
963 1931 1088 2016 diebus,
1113 1953 1172 2018 per
1203 1931 1285 1998 duos

154 2037 351 2122 Sapientest.
367 2040 388 2105 l.
642 2043 787 2110 diversos
802 2065 950 2109 cursores
965 2040 1140 2110 habuimus
1155 2039 1286 2108 litteras

154 2153 284 2212 vestras
299 2148 395 2215 datas
412 2147 512 2216 VIII.
528 2150 575 2216 X.
591 2156 625 2218 et
640 2149 768 2218 XIIII
789 2147 984 2218 Novembris
1001 2147 1177 2214 novissime
1192 2145 1285 2232 lapsi,

154 2276 196 2320 ex
212 2254 331 2340 quibus
346 2256 575 2341 intelleximus,
591 2281 781 2344 quecunque
797 2267 979 2345 iuncusque
1003 2278 1145 2338 occursu,
1161 2277 1286 2342 preser·

154 2365 219 2429 tim
250 2363 337 2430 circa
369 2367 509 2432 materia
534 2372 755 2454 treuguarum,
786 2390 869 2453 quas
894 2361 1036 2434 scribitis
1067 2389 1125 2452 per
1155 2364 1288 2433 ultimas

156 2474 249 2556 ipsas
264 2477 389 2538 vestras
405 2493 476 2539 esse
492 2475 670 2558 conclusas,
694 2476 788 2542 sicuti
808 2477 906 2542 etiam
932 2474 1070 2540 vidimus
1095 2493 1154 2559 per
1176 2462 1289 2538 literas

156 2579 198 2644 R.
225 2575 356 2646 Domini
381 2579 544 2666 Propositi
568 2578 953 2669 Quinque-ecclesiarum,
978 2604 1059 2666 quas
1085 2579 1220 2648 misistis
1245 2579 1289 2646 ad

157 2709 221 2754 nos
236 2693 359 2754 vestras
383 2689 489 2756 literis
513 2691 698 2776 implicitas.
723 2692 791 2758 Pro
816 2691 866 2758 his
890 2714 975 2776 vero,
991 2711 1056 2775 que
1082 2689 1289 2776 significastis

159 2797 264 2876 nobis,
273 2817 397 2882 proque
414 2798 528 2881 modis,
544 2820 603 2884 per
618 2821 674 2867 vos
689 2800 723 2865 in
738 2798 886 2867 omnibus
903 2821 966 2866 non
981 2799 1088 2865 minus
1103 2795 1290 2883 prudenter,

159 2927 260 2990 quam
285 2905 462 2990 diligenter
488 2909 637 2990 serratis,
653 2907 825 2977 laudamus
842 2929 899 2976 vos
915 2908 1101 2992 plurimum,
1117 2912 1151 2975 et
1176 2906 1291 2974 merito

1 3013 2 3080 ξ
109 3103 114 3106 -
159 3017 433 3088 commendamus,

270 3143 318 3213 At
343 3146 505 3231 quomodo
531 3146 639 3213 dicitis
665 3167 738 3211 cum
763 3143 947 3212 oratoribus
973 3143 1079 3228 Regie
1104 3139 1293 3226 Majestatis

66 3327 79 3337 ⁸
162 3254 345 3338 Hungarie,
368 3254 424 3340 qui
449 3261 605 3340 treuguas
631 3253 858 3322 concluserunt
882 3277 955 3320 eum
980 3251 1100 3332 Turno,
1123 3256 1292 3317 venturum

161 3383 236 3427 esse
260 3383 358 3428 unum
384 3360 577 3450 Vayrodam
603 3383 696 3429 suum
721 3361 763 3429 ad
789 3359 1038 3429 serenissimum
1068 3358 1203 3445 Regem,
1234 3379 1294 3443 pro

162 3469 261 3537 dictis
292 3469 439 3554 treuguis
475 3469 676 3555 sigillandis:
701 3469 933 3554 respondemus
958 3468 1048 3538 vobis
1079 3490 1152 3535 cum
1182 3470 1295 3534 nostro

163 3575 311 3645 Consilio
337 3577 548 3663 chatorum,
573 3577 661 3664 quod
685 3583 844 3658 tenentes,
868 3577 963 3644 sicuti
995 3576 1092 3643 etiam
1117 3599 1156 3642 ex
1182 3574 1296 3641 vestris

162 3686 271 3752 literis
301 3689 612 3774 comprehendimus,
644 3695 799 3772 treuguas
831 3687 919 3772 ipsas
950 3687 1079 3753 nomine
1117 3683 1224 3767 Regio
1263 3687 1297 3747 et

162 3799 278 3860 nostro
295 3797 403 3864 unitas
420 3797 529 3880 fuisse,
544 3797 717 3864 laudamus
727 3796 822 3862 valde
838 3794 969 3861 modum
985 3811 1116 3880 perros
1133 3797 1297 3861 servatum

164 3902 329 3969 scribendi
346 3903 519 3990 Majestati
544 3904 619 3988 Sue,
645 3927 684 3971 uc
709 3904 784 3991 alijs
809 3905 1005 3987 Beronibus,
1024 3902 1111 3987 quod
1127 3901 1170 3968 ad
1186 3899 1299 3986 appul-

165 4033 240 4077 sum
271 4018 440 4079 oratorum
465 4034 606 4096 suorum,
633 4033 671 4079 ac
696 4011 818 4098 prefati
834 4010 990 4097 Vayvode
1015 4010 1059 4077 ad
1084 4009 1221 4096 Regem,
1240 4031 1297 4074 vos

165 4120 266 4185 etiam
282 4119 358 4186 istic
373 4121 444 4186 sitis
460 4121 591 4187 nomine
606 4125 727 4204 nostro,
743 4126 845 4204 utque
861 4121 977 4186 melius
992 4124 1133 4186 mentem
1153 4121 1299 4184 nostram

166 4227 585 4313 intelligatis,declaramus
602 4227 693 4298 vobis
708 4236 819 4298 nostre
834 4228 1025 4298 intentionis
1041 4248 1119 4311 esse,
1135 4225 1222 4311 quod
1234 4247 1300 4290 non

166 4335 258 4402 iacta
283 4336 351 4402 alia
375 4339 547 4424 mentione,
573 4360 630 4408 seu
654 4339 896 4424 specificatione
921 4335 1045 4420 dehis,
1075 4357 1138 4421 que
1169 4333 1214 4400 ad
1245 4355 1301 4398 vos

166 4445 356 4536 scripsimus
388 4444 447 4517 rub
479 4446 531 4517 die
556 4443 716 4517 XVIIII.
742 4446 810 4514 sive
841 4445 926 4516 XX.
959 4443 1112 4512 Octobris
1142 4440 1301 4532 preteriti,
1329 4479 1334 4485 -
