3340 5260
747 323 980 370 nrrnonneamr
997 311 1164 369 aurariae.

925 706 996 768 131.

394 867 489 928 1471).
522 867 613 931 More
645 865 777 952 Kristdf
804 867 955 930 ueleacaei
986 868 1063 951 dupe
1094 868 1188 932 levale
1218 863 1350 950 Sfortia
1384 865 1526 933 Golcozc

393 975 506 1037 Mario
524 974 660 1038 milduni
677 971 914 1058 fejedelembez,
938 974 1078 1060 analytica
1097 977 1378 1062 Noproponteaolc
1395 1001 1416 1040 a
1432 975 1525 1040 serub

391 1081 474 1146 altat
491 1077 700 1169 elfoqlcldso't
717 1085 797 1148 mint
813 1109 834 1148 α
852 1085 1084 1172 bereartpc'nae'g
1102 1109 1188 1172 napy
1204 1087 1403 1152 occaedelme't
1420 1085 1523 1166 taup-

591 1191 779 1278 ea‘lyozou'n,
795 1215 816 1256 a
834 1193 925 1257 torua
943 1193 1039 1256 ellani
1055 1193 1162 1257 hadra
1179 1196 1323 1258 beztbnzi.

499 1351 609 1416 Ill-me
627 1352 785 1435 Princeps
801 1359 833 1416 et
852 1351 987 1417 Ero-mc
1004 1351 1270 1437 Domine,frater
1294 1360 1407 1419 noster
1427 1352 1527 1418 caris·

393 1459 480 1524 sime.
497 1457 645 1543 Accepto
671 1461 895 1544 superioribus
922 1459 1034 1526 diebus
1061 1463 1175 1546 prime,
1200 1461 1383 1546 acerboque
1408 1461 1525 1526 nuntio

394 1567 642 1650 expugnationis
669 1569 810 1632 civitatis
828 1569 1052 1652 Nigropontis,
1078 1570 1227 1636 notitiam
1255 1569 1296 1634 de
1321 1591 1358 1634 eo
1382 1569 1528 1634 dandam

394 1674 580 1740 curabimus
605 1676 777 1760 spectabili
802 1676 944 1744 Domino
969 1677 1119 1744 Gerardo
1145 1677 1230 1744 Colli
1253 1677 1386 1744 Oratori
1403 1677 1527 1746 Vostre

396 1781 608 1850 Celsitndinis
624 1785 711 1868 apud
731 1808 788 1850 nos
814 1787 933 1867 agenti.
958 1787 1004 1852 Et
1030 1789 1182 1870 quoniam
1208 1787 1287 1853 fides
1314 1787 1467 1853 scribenti
1495 1793 1527 1849 et

393 1892 557 1958 nuntianti
576 1915 640 1959 non
656 1894 786 1959 omnino
812 1893 1033 1977 prestabatur,
1059 1894 1246 1978 ambiguum
1272 1895 1365 1960 i¹lum
1391 1899 1425 1959 et
1440 1893 1528 1958 anci-

393 2002 503 2082 pitem,
519 2007 555 2066 ut
573 2023 809 2085 acceperamus,
834 2003 937 2067 eidem
964 1999 1096 2067 Oratori
1122 2004 1265 2069 nrrotiari
1289 2002 1434 2084 fecimus,
1451 2003 1528 2066 scri-

392 2109 531 2195 bereque
548 2111 590 2175 ad
606 2109 761 2178 Vestram
779 2110 1018 2176 Excellentiam
1036 2111 1227 2193 destitimus,
1244 2133 1284 2175 ne
1294 2112 1418 2196 majore
1434 2109 1527 2174 illam

394 2239 520 2284 merore
547 2217 759 2299 afficeremus,
785 2240 883 2300 qnam
908 2220 957 2284 rei
984 2219 1180 2284 incertitudo
1212 2219 1373 2304 exigebat.
1404 2218 1529 2283 Postea

396 2347 471 2392 vero
497 2329 579 2413 varij
608 2333 684 2392 sunt
709 2327 771 2394 bac
796 2329 875 2394 urbe
900 2334 1015 2393 nostra
1041 2329 1133 2392 etin
1159 2331 1246 2394 omni
1273 2328 1375 2394 [talia
1392 2327 1529 2392 excitati

395 2457 549 2516 rumores,
566 2436 729 2500 interdum
752 2436 910 2520 prosperi,
926 2435 1089 2500 interdum
1115 2436 1252 2520 adversi,
1274 2437 1330 2520 qui
1355 2435 1528 2520 conplures

393 2543 462 2609 dies
479 2545 563 2610 inter
580 2567 670 2628 spem
687 2551 721 2610 et
737 2551 860 2610 metum
876 2544 1053 2628 pendentes
1078 2567 1136 2609 nos
1162 2551 1303 2609 tenuero.
1328 2545 1376 2610 nt
1391 2542 1529 2608 tandem

394 2655 479 2717 sicut
504 2652 608 2718 literis
643 2653 781 2736 prefecti
807 2652 918 2718 classis
942 2657 1055 2717 nostre
1081 2659 1114 2718 et
1138 2653 1355 2736 curnplnrium
1387 2652 1528 2716 aliorum

393 2761 569 2826 certissime
585 2759 765 2844 didicimus,
790 2763 930 2846 explevit
946 2762 1195 2827 immanissimus
1221 2761 1297 2826 fidei
1313 2767 1344 2826 et
1360 2760 1530 2842 religionis

393 2875 506 2936 nostre
522 2869 627 2937 hostis
644 2870 771 2935 Turcus
787 2870 1009 2937 incredibilem
1034 2870 1125 2934 illam
1152 2893 1244 2935 suam
1270 2869 1356 2934 sitim
1375 2875 1408 2932 et
1425 2869 1529 2933 inmo·

394 2977 541 3042 deratam
567 2978 734 3043 libidinem
759 2977 917 3061 potiunde
949 2978 1053 3043 insule
1088 2985 1120 3042 et
1155 2980 1245 3045 urbis
1272 2983 1381 3042 nostre
1408 2975 1529 3059 Nigro·

391 3089 492 3170 ponti.
520 3084 711 3175 Audivistis,
736 3087 907 3170 credimus,
932 3109 995 3172 qrro
1022 3087 1139 3170 furore,
1166 3109 1231 3172 qno
1248 3087 1381 3170 impetu,
1407 3085 1529 3170 quibus

394 3197 516 3262 viribus
532 3203 625 3261 terra
641 3203 674 3261 et
690 3198 774 3262 mari
791 3217 965 3282 aggressus
982 3203 1030 3262 est
1050 3195 1163 3261 urbem
1179 3195 1279 3261 illam.
1295 3195 1436 3259 Domum
1453 3199 1531 3278 post

393 3308 579 3371 continuam
596 3312 629 3370 et
646 3327 754 3371 acrem
770 3307 1056 3390 oppugnationem,
1074 3327 1137 3371 non
1154 3306 1240 3370 euim
1257 3304 1318 3384 die,
1343 3325 1409 3368 non
1433 3307 1529 3368 nocte

393 3414 532 3478 remissa
548 3423 598 3479 est
614 3434 672 3497 per
687 3435 830 3480 mensem
848 3415 1058 3496 oppugnatio,
1076 3413 1220 3498 disjectis
1236 3410 1414 3486 moenibus,
1431 3411 1531 3474 turri-

393 3522 453 3586 bus
470 3528 502 3585 et
517 3522 768 3606 propugnaculis
786 3522 907 3604 solidis,
924 3529 956 3586 et
974 3523 1054 3586 mire
1078 3521 1263 3587 latitudinis
1289 3521 1319 3584 vi
1349 3525 1529 3583 tormento-

393 3652 465 3696 rum
481 3630 549 3696 solo
566 3631 703 3713 aquatis,
719 3639 756 3696 ut
772 3652 837 3695 non
855 3631 959 3697 solnm
985 3631 1142 3695 horribile
1169 3631 1259 3695 dictu
1285 3630 1338 3710 sit,
1364 3627 1419 3691 sed
1443 3627 1532 3690 citra

395 3761 520 3805 omnem
536 3737 633 3804 tidem
650 3745 817 3822 appareat,
831 3737 940 3804 XII-a
950 3737 1032 3802 Julii
1050 3737 1167 3802 ‹lerioit
1184 3745 1218 3802 et
1234 3734 1431 3820 expugnavit
1447 3755 1532 3804 eam,

393 3871 535 3934 ususque
562 3855 611 3914 est
637 3849 863 3931 sanguinarius
889 3848 992 3912 hostis
1019 3849 1105 3912 omni
1131 3845 1334 3913 crudelitatis
1360 3865 1478 3927 genere
1495 3843 1531 3908 in

393 3980 503 4024 omues
521 3958 582 4024 sibi
598 3956 709 4022 obvios
726 3962 794 4020 tam
809 3961 952 4020 armatos
972 3977 1069 4038 quam
1087 3959 1233 4020 inermes

500 4067 568 4133 Res
594 4072 681 4130 certe
707 4064 801 4129 sicuti
829 4063 941 4129 auditu
967 4063 1152 4130 miseranda
1177 4069 1210 4128 et
1235 4060 1456 4142 lacrimabilis
1481 4059 1533 4122 ita

394 4178 502 4260 digna,
518 4198 580 4262 qne
595 4173 802 4241 Christianos
818 4194 928 4239 omues
944 4173 1107 4256 principes
1134 4173 1252 4237 excitet
1279 4178 1312 4236 et
1338 4171 1462 4251 errigat
1486 4167 1532 4232 ad

394 4287 551 4352 ultionem
582 4290 616 4350 et
646 4283 823 4348 vindictam
855 4287 952 4366 atque
983 4281 1064 4346 adeo
1097 4280 1312 4346 defensionem
1345 4277 1530 4343 Christiani

395 4397 533 4462 nominis
549 4399 582 4460 et
607 4392 783 4474 sauguinis.
811 4390 885 4455 Iam
911 4392 972 4456 sibi
997 4391 1254 4472 inquietissimus
1280 4388 1383 4454 hostis
1400 4387 1532 4468 aperuit

395 4505 529 4599 aditum,
545 4503 704 4570 reseravit
720 4501 875 4582 claustra,
892 4501 1036 4584 amplum
1053 4500 1191 4587 gradum
1207 4499 1284 4575 fecit
1303 4498 1346 4574 ad
1373 4495 1531 4564 invaden-
