3340 5260
637 745 640 752 ·
717 711 788 776 126.

185 871 279 934 1470.
298 871 471 936 Kolarina
488 871 631 936 bosanioi
647 872 800 957 loiretlynt
815 872 906 936 levale
919 871 1054 946 Sforaia
1065 869 1188 937 Galeas
1199 870 1318 936 Mario

182 977 322 1042 mitonot
352 980 548 1064 berezepbrz,
577 979 716 1065 melpben
748 1005 770 1043 o
799 980 916 1045 kdretea‘
946 980 1029 1044 attat
1062 979 1318 1063 eldtorjeaztendd

495 1090 595 1173 sepe‘ty
610 1089 838 1171 megadu'ao'drt
855 1087 1004 1156 eaedozilc.

290 1247 513 1314 illustrissime
528 1247 688 1332 Princeps
713 1253 746 1312 et
768 1249 848 1314 Ere.
873 1247 1024 1328 Domine,
1048 1253 1217 1331 tamquam
1234 1248 1317 1313 Fra·

179 1361 233 1420 ter
249 1356 455 1424 honorande!
482 1356 631 1424 Salutem
655 1359 690 1422 in
714 1357 866 1424 Domino.
893 1356 1003 1423 Tanta
1028 1363 1078 1421 est
1103 1357 1152 1422 ris
1178 1357 1320 1423 adverse

178 1461 319 1547 fortune,
336 1487 398 1548 que
413 1488 464 1531 me
481 1466 558 1545 viro,
575 1487 658 1549 rege,
676 1488 714 1531 ao
729 1465 842 1531 liberis
859 1473 892 1532 et
907 1487 1017 1548 regno,
1034 1465 1213 1550 opibusque
1240 1488 1314 1549 spo·

178 1573 280 1656 liavit,
297 1581 413 1639 utnon
429 1575 531 1639 solum
556 1596 616 1659 ego
641 1577 713 1658 ipsa
739 1575 893 1640 damnum
919 1575 1038 1658 patiar,
1063 1596 1128 1640 non
1151 1580 1315 1640 restaura·

178 1681 264 1762 bile;
290 1681 348 1748 sed
374 1685 475 1748 eciam
502 1685 544 1748 sit
570 1705 710 1766 neeesse,
736 1683 824 1766 qnod
847 1683 1004 1767 Princeps
1028 1690 1061 1747 et
1077 1682 1200 1750 domini
1216 1683 1313 1748 obris-

178 1791 263 1857 tiani
295 1793 478 1859 calamitati
509 1814 578 1866 mee
617 1793 865 1876 compatientes,
904 1799 1082 1876 graventur
1120 1793 1153 1857 in
1191 1792 1314 1876 aliquo.

177 1898 326 1967 Recurro
350 1901 451 1982 igitur
476 1901 518 1968 ad
543 1901 700 1967 Vestram
725 1899 980 1980 Excellenoiam,
1005 1901 1213 1983 implorando
1245 1900 1314 1966 eins

177 2008 268 2090 pium
284 2015 317 2072 et
332 2008 467 2074 liberale
482 2007 669 2090 subsidium,
684 2015 782 2091 prout
798 2015 959 2092 exponent
975 2007 1036 2073 riri
1052 2007 1178 2073 nobiles
1195 2005 1313 2074 Comes

178 2114 321 2180 Mirlons
336 2121 370 2180 et
385 2114 559 2180 Abraham
586 2114 743 2182 Oratores
769 2118 841 2200 mei,
867 2117 983 2201 quibus
1007 2117 1078 2199 ipse
1101 2115 1312 2183 Excelleneia
1412 2121 1419 2134 '

180 2223 301 2291 Vestra
318 2224 507 2307 dignabitur
532 2247 592 2308 pro
618 2225 686 2292 Sua
710 2226 825 2291 innata
849 2225 1052 2309 benignitate
1077 2225 1174 2290 fidem
1191 2233 1223 2290 et
1239 2246 1312 2308 gra·

178 2334 263 2397 eiam
289 2338 448 2422 prestare,
473 2340 506 2398 ot
530 2335 643 2416 gracia
670 2331 916 2418 Omnipotentis
940 2333 1005 2398 Dei
1030 2333 1121 2400 robis
1146 2354 1312 2417 nunqnam

182 2438 319 2507 deficiat.
335 2441 459 2507 Datum
475 2442 580 2508 Rome
597 2443 650 2508 die
665 2441 810 2507 XXIII.
827 2441 910 2508 Juh‘i
929 2445 1023 2508 1470.

806 2549 986 2617 Oatherina
1002 2551 1131 2635 Regina
1147 2549 1264 2616 Boane.

286 2658 398 2725 Ill-mo
423 2658 571 2743 Prineipi
598 2665 632 2725 et
656 2659 775 2725 Eur-mo
801 2659 891 2725 D-no
915 2667 1084 2745 tamqnam
1099 2657 1197 2726 fratri
1212 2659 1311 2726 hono·

175 2766 290 2846 raudo,
322 2767 467 2833 Domino
498 2765 656 2834 Galeazio
687 2767 799 2834 Marie
831 2768 955 2835 Sforeie
986 2766 1192 2848 Vioeoomiti,
1223 2765 1310 2832 Dnot

176 2873 369 2954 Mediolani,
387 2874 500 2960 Papie,
516 2873 740 2960 Anglerieque
759 2875 889 2958 Comiti,
907 2897 946 2942 ao
964 2876 989 2943 J
991 2895 1075 2942 anne
1100 2879 1135 2940 et
1150 2873 1310 2941 Oremone

175 2983 328 3050 Domino.

284 3147 412 3208 (Miranti
426 3147 585 3209 allamltttr).

175 3723 314 3791 letan
332 3723 474 3790 enitenti
490 3721 766 3809 berezepodlasaa
782 3746 803 3786 a
820 3724 945 3789 ttiezeot'
962 3723 1171 3794 bibernoltboz
1188 3752 1209 3793 a
1226 3729 1308 3793 bosa·

413 3834 487 3898 aiot
503 3835 658 3922 utroquo
672 3833 857 3920 septlyeatae
873 3837 1067 3920 tdrpydbon.

281 3993 312 4060 Il
329 3994 425 4061 Duea
441 3995 474 4060 di
490 3993 618 4061 Milano
635 3997 668 4063 al
684 3997 752 4064 B..
769 4049 775 4064 .
800 3994 979 4063 Oardinale
996 3995 1129 4062 Nieeno.

743 4103 928 4202 Mediolani
940 4103 987 4169 X.
1003 4100 1150 4188 Augusti
1167 4107 1262 4171 1470.

280 4211 561 4280 Reverendissime
592 4215 627 4278 in
657 4210 791 4280 Ohristo
823 4213 927 4278 Pater
958 4218 991 4276 et
1022 4210 1163 4278 Domine
1193 4212 1306 4286 Pater,

171 4320 267 4387 nobis
282 4323 413 4404 optime.
428 4319 626 4406 Aooepimus
642 4322 761 4389 literas
772 4320 1051 4389 Reverendissime
1062 4319 1306 4390 Dominationis

171 4428 293 4498 Vestre
309 4449 370 4511 pro
381 4429 492 4494 Ill-ma
503 4428 632 4514 Regina
648 4431 812 4497 inferioris
829 4429 999 4495 Pannonia
1016 4417 1306 4517 commendatitias,

171 4538 291 4627 quibus
309 4539 536 4622 calamitatem,
562 4539 793 4628 fortunamque
818 4539 946 4625 Regina
972 4539 1073 4626 ipsius
1099 4545 1129 4605 et
1151 4539 1306 4628 quemad·
