3356 5266
734 326 827 387 1469.
863 411 869 420 ἱ
1277 323 1340 383 1os

208 507 306 573 rendi
322 511 355 572 et
370 504 538 590 operandi,
554 509 590 569 ut
606 502 727 570 eisdem
754 499 936 570 Comitibus
961 501 1064 567 favori
1082 507 1114 566 et
1139 499 1260 566 auxilio
1276 520 1345 565 esse

207 613 354 699 placeat.

317 721 365 789 Et
378 721 424 787 sic
440 719 596 800 volumus,
611 725 648 784 ut
664 719 690 786 si
706 721 775 804 ipse
791 717 833 786 R.
843 719 885 785 1).
894 715 1078 802 Episcopus
1094 718 1194 783 l'uerit
1209 719 1242 782 in
1258 716 1345 802 locis,

208 851 275 913 quo
290 834 326 895 tu
343 829 448 912 possis
464 827 508 894 ad
524 826 626 894 Suam
642 827 682 892 E
698 827 937 894 Paternitatem
961 832 995 892 te
1020 825 1174 906 conferre,
1201 825 1244 892 ad
1272 817 1345 890 eum

210 936 322 1017 redae,
348 941 380 1001 ιι
407 935 467 1002 ιιι)
492 935 612 1000 uostris
637 933 759 999 litteris
783 933 1038 1000 credentialibus
1063 939 1138 1018 post
1153 931 1259 1000 factas
1274 955 1344 999 con·

211 1043 376 1110 venientes
393 1042 606 1108 salutationes
631 1041 678 1106 illi
703 1041 858 1124 declares,
885 1062 1017 1107 causam
1042 1046 1098 1106 tue
1124 1040 1166 1106 ad
1183 1038 1343 1106 Comitem

210 1152 320 1238 Segne
343 1151 526 1236 legationis,
551 1155 584 1216 et
600 1171 674 1216 cum
689 1149 730 1216 R.
746 1149 784 1215 P.
799 1149 949 1234 predicta
965 1149 1173 1234 participata,
1198 1149 1343 1215 discussa

208 1268 241 1328 ιι
257 1263 338 1328 bene
353 1260 541 1326 examinata
556 1259 707 1342 materia,
726 1257 909 1342 intelligere
925 1256 967 1323 ab
983 1278 1021 1324 eo
1038 1279 1179 1342 procura
1189 1256 1343 1337 remedia,

208 1391 273 1454 que
304 1365 489 1435 adhibenda
520 1365 714 1446 viderentur,
740 1389 779 1432 ne
804 1367 944 1432 furiosus
969 1367 1119 1433 inimicus
1150 1372 1220 1432 tam
1244 1364 1343 1446 licite,

209 1498 389 1559 secureque
405 1473 582 1557 affligendo
598 1474 794 1540 christianos
810 1475 923 1558 vagari
939 1480 1059 1559 posset
1075 1474 1121 1540 Et
1137 1473 1178 1539 de
1194 1473 1343 1540 omnibus

208 1607 268 1652 uos
284 1583 531 1670 particulariter
547 1588 581 1648 et
597 1583 750 1649 distincte
766 1582 886 1651 advisa.
912 1581 1022 1649 Suada
1048 1589 1158 1650 tamen
1184 1579 1343 1666 imprimis

208 1699 244 1758 ιι
259 1693 393 1758 hortare
417 1688 496 1757 Rev.
520 1689 698 1756 Dominum
723 1691 922 1776 Episcopum
947 1689 1148 1758 antedictum
1173 1689 1216 1756 ad
1231 1709 1343 1756 omues

208 1800 380 1883 possibiles
402 1798 531 1865 favores
555 1797 750 1883 prestandos
776 1797 896 1864 eisdem
921 1795 1102 1866 Oomitibus
1126 1819 1186 1884 pro
1213 1797 1342 1864 illorum

209 1907 464 1989 conservatione,
480 1913 517 1972 ut
532 1908 734 1975 conservatis
751 1913 785 1974 et
799 1907 936 1993 integris
961 1906 1058 1974 rebus
1077 1909 1223 1994 ipsorum
1237 1907 1343 1992 possit

209 2014 251 2080 R.
267 2015 459 2082 Paternitas
475 2037 534 2082 sua
550 2016 717 2084 robustius
733 2022 766 2082 et
782 2015 922 2082 validius
938 2015 1137 2101 impresiam‚
1161 2037 1258 2103 quam
1275 2037 1343 2083 sus·

211 2123 307 2207 cepit,
322 2124 483 2190 sustinere
498 2131 532 2188 et
547 2124 688 2208 gloriose
703 2123 747 2190 ad
762 2126 905 2190 votivum
924 2124 1047 2191 exitum
1064 2124 1232 2191 deducere.
1256 2123 1300 2190 Et
1315 2123 1342 2189 si

209 2232 282 2314 ipse
296 2231 457 2299 Dominus
472 2232 656 2317 Episcopus
671 2232 768 2315 longe
794 2233 932 2314 abesset,
948 2255 1012 2316 quo
1028 2239 1065 2298 tu
1090 2231 1245 2298 accedere
1269 2237 1343 2298 tute

209 2360 277 2404 nou
293 2360 414 2424 posses,
430 2362 488 2425 per
503 2340 632 2407 litteras
648 2340 709 2424 fac,
727 2340 806 2424 quid
823 2363 933 2408 coram
960 2341 1107 2428 superius
1120 2341 1286 2426 jussimus,
1309 2347 1349 2407 et

211 2446 256 2512 de
272 2449 358 2514 omui
375 2470 525 2514 successu
543 2471 601 2514 nos
617 2449 657 2514 de
674 2448 727 2514 die
742 2449 776 2513 iu
793 2449 878 2515 diem
893 2447 996 2515 facias
1012 2449 1181 2516 cerciores.

316 2557 360 2622 Et
377 2556 406 2622 si
422 2557 507 2624 forte
523 2559 593 2642 ipse
608 2557 650 2624 D.
667 2558 850 2642 Episcopus
867 2557 990 2642 aliquid
1015 2559 1226 2642 pecuniarum
1251 2564 1341 2643 pete·

209 2669 259 2730 ret
284 2663 346 2731 sibi
372 2665 445 2732 dari
470 2689 491 2734 a
517 2672 632 2733 nostro
656 2664 821 2748 Dominio,
845 2665 978 2731 declara
1003 2664 1044 2730 R.
1061 2664 1259 2734 Paternitati
1284 2689 1340 2733 sne

207 2774 318 2838 varias
335 2779 368 2839 ιι
381 2774 530 2858 ingentes
545 2774 709 2859 impensas
735 2779 875 2858 nostras,
899 2797 962 2859 que
987 2794 1051 2840 non
1076 2780 1278 2858 paterentur,
1304 2783 1339 2842 ut

209 2881 250 2947 R.
267 2881 470 2949 Pateruitati
486 2881 552 2950 Sue
568 2883 609 2949 de
624 2882 775 2968 pecunijs
792 2883 964 2949 subvenire
979 2903 1156 2967 possemus.

317 2989 402 3056 Dari
417 2991 477 3058 tibi
492 2989 627 3058 fecimus
643 2991 763 3057 bonam
788 3012 947 3056 summam
963 2989 1166 3057 diversarum
1191 2990 1341 3059 munitio·

210 3118 295 3178 num,
312 3096 473 3182 quomodo
500 3105 567 3166 tam
590 3120 697 3166 comes
722 3098 900 3183 Martinus,
925 3102 1156 3182 quam'comes
1181 3097 1341 3185 Angelus,

209 3204 369 3273 Nicolaus
395 3206 501 3290 Segne
526 3215 559 3273 et
584 3206 708 3274 Paulus
734 3215 767 3273 et
793 3207 931 3276 Carolus
956 3206 1119 3276 Oorbavie
1142 3207 1306 3294 petierunt
1320 3231 1341 3274 a

209 3312 302 3379 nobis
327 3314 368 3380 de
393 3313 579 3400 hujusmodi
604 3314 835 3382 munitionibus
861 3315 1033 3382 subveniri.
1058 3315 1105 3383 Et
1130 3315 1288 3398 volumus,
1304 3322 1341 3383 ιι

209 3443 281 3486 cum
297 3421 367 3488 illic
382 3420 493 3505 fueris,
509 3422 716 3490 considerata
731 3423 947 3508 importantia
962 3424 1117 3511 locorum,
1141 3447 1202 3512 pro
1222 3426 1339 3513 quibus

208 3529 395 3616 hujusmodi
410 3532 606 3599 munitiones
623 3533 844 3618 requiruntur,
868 3537 903 3598 et
917 3532 1141 3616 conditionem,
1167 3535 1339 3620 qualitate-

208 3659 272 3722 que
288 3662 328 3704 ac
344 3639 559 3725 indigentiam
584 3641 680 3707 unius
705 3642 862 3726 cujusque
886 3663 1007 3725 eorum,
1032 3643 1107 3709 illas
1131 3645 1287 3727 partiaris
1305 3652 1339 3710 ιι

209 3746 389 3814 distribuas
404 3748 491 3814 inter
507 3748 638 3815 eosdem
654 3748 906 3829 dominos,sicut
924 3749 985 3815 tibi
1001 3749 1107 3834 magis
1123 3752 1338 3820 necessarium

209 3855 312 3922 visum
327 3854 426 3922 fuerit
450 3877 509 3941 pro
534 3857 778 3924 conservatione
800 3855 932 3924 illorum
957 3857 1110 3938 locorum,
1135 3879 1198 3943 que
1218 3861 1338 3947 impor-

209 3965 358 4031 tantiora
373 3983 443 4030 esse
460 3964 633 4050 intelliges.

316 4073 454 4158 Insuper
470 4073 639 4159 quomodo,
655 4081 692 4140 ut
713 4096 823 4140 sumus
849 4074 1029 4157 informati,
1056 4073 1201 4142 Comites
1228 4077 1338 4164 Ange·

212 4179 271 4264 lus,
287 4181 446 4249 Nicolaus
462 4181 570 4268 Segne
585 4189 618 4249 et
633 4181 758 4249 Paulus
773 4205 813 4250 ac
828 4179 967 4250 Oarolus
983 4183 1024 4249 de
1048 4179 1212 4252 Oorbavia
1236 4187 1339 4271 magis

211 4295 285 4356 suut
300 4289 479 4358 confinibus
495 4291 595 4359 Turoi
610 4292 822 4378 proximiores
849 4300 882 4359 et
907 4313 999 4359 arces
1023 4299 1135 4359 tenent
1161 4295 1256 4361 valde
1281 4297 1339 4362 im·

209 4404 388 4484 portantes,
404 4407 437 4465 et
453 4401 559 4486 digne,
574 4402 673 4469 immo
689 4401 879 4477 necessarie,
896 4407 933 4466 ιι
958 4401 1209 4486 diligentissime
1234 4409 1338 4471 custo·

212 4507 346 4577 diantur
362 4516 395 4576 et
411 4518 654 4597 conserventur,
670 4509 742 4581 dari
758 4511 821 4580 tibi
837 4511 971 4580 fecimus
987 4511 1122 4580 ducatos
1143 4511 1239 4597 mille,
1256 4534 1337 4601 quos
