3336 5252
374 318 437 380 326
730 333 967 380 nuncusozrsr
984 320 1154 380 anessae.

371 495 479 580 giomi
493 492 623 560 omnino
648 494 683 560 la
707 494 840 560 Maesta
866 493 919 560 del
944 493 996 560 Re
1011 495 1229 578 personaliter
1253 495 1380 561 andere
1395 519 1416 562 a
1431 495 1504 562 Bel-

371 601 485 688 grado,
502 627 520 668 e
536 603 633 669 credo
651 603 774 669 sentire
789 603 831 672 V.
847 603 1063 684 Excellentia,
1086 603 1158 669 chel
1173 603 1247 670 lara
1262 604 1402 688 qualche
1417 603 1503 670 fecto

373 717 524 795 equesto
548 711 583 778 16
607 733 704 778 senaa
729 711 808 778 lello
833 711 857 777 li
883 712 1021 778 dennari
1047 713 1196 778 mandeti
1222 711 1263 779 de
1288 711 1399 778 Italia
1419 711 1503 779 Souo

374 823 454 888 stati
470 821 549 886 tutti
566 821 746 907 dispensati
762 843 822 906 per
837 821 861 887 il
878 821 1005 906 Legeto
1032 821 1086 887 del
1110 821 1205 908 Papa
1221 830 1254 888 61
1269 823 1294 888 11
1309 825 1361 890 Re
1386 844 1450 889 non
1465 845 1504 890 ne

373 929 418 995 he
451 929 561 996 voluto
587 935 716 997 toccare
740 951 844 1014 nepur
869 952 933 996 uno
961 929 1082 996 ducato
1107 952 1166 1014 per
1189 929 1212 994 li
1240 931 1298 1012 soi,
1321 931 1365 997 bo
1396 932 1503 998 voluto

374 1034 525 1102 advisere
541 1043 657 1120 questo
673 1059 694 1104 a
709 1037 752 1108 V.
770 1037 983 1105 Excellentie.
998 1036 1096 1102 Bada
1111 1041 1132 1100 8
1149 1035 1332 1104 settembre
1352 1042 1449 1106 1476.

840 1163 866 1232 J
867 1163 1053 1230 ustinienus
1068 1160 1248 1229 Cavitellus
1263 1169 1324 1232 etc
1339 1165 1465 1249 Regius

1041 1270 1263 1339 consiliarius.

486 1363 615 1428 (nuanoi
626 1363 789 1428 1116611116.)

864 1471 1024 1484 m

911 1711 987 1773 225.

381 1892 476 1956 1476.
486 1887 683 1954 Fcrdindnd
699 1887 834 1975 adpolyi
849 1889 961 1975 kirrily
976 1889 1100 1956 Berisu't
1116 1891 1248 1976 6696161
1260 1887 1371 1978 qrdfot
1384 1891 1510 1956 Metria-

786 1998 1103 2086 renddelseldirziti.

1210 2105 1332 2173 Comiti
1347 2109 1468 2190 segnia

487 2211 719 2280 Fordinaudus
749 2218 810 2278 etc.
840 2211 1020 2298 Magnifice
1059 2214 1129 2280 viro
1155 2213 1364 2280 Bernerdino
1402 2215 1512 2280 comiti

383 2321 512 2408 segnie,
527 2320 632 2406 Vegle
648 2328 683 2388 61
697 2318 856 2388 Modruse
873 2321 984 2404 equiti,
999 2320 1089 2388 affini
1110 2328 1143 2387 et
1162 2321 1278 2388 devoto
1303 2321 1399 2389 uobis
1415 2323 1514 2408 pluri·

381 2453 470 2499 mum
485 2429 605 2496 dilecto
622 2427 760 2496 salutem
776 2435 810 2496 et
826 2427 1040 2495 dilectionem.

489 2553 544 2623 Ad
560 2554 718 2621 honorem
733 2559 766 2621 61
780 2553 911 2620 leudem
927 2555 1068 2640 piissime
1086 2556 1193 2623 Marie
1205 2555 1355 2642 Virginis
1370 2559 1515 2643 omnipo

382 2667 482 2734 tentis
505 2664 573 2730 veri
598 2663 651 2730 dei
677 2660 859 2729 Salvatoris
890 2664 996 2729 nostri
1019 2664 1103 2731 Jesu
1128 2663 1253 2732 Christi
1278 2665 1449 2750 genitricis
1474 2666 1515 2734 ob

384 2775 582 2861 singularem
607 2778 642 2840 61
664 2771 888 2839 incredibilem
914 2772 1125 2855 devotionem,
1150 2796 1249 2859 quam
1274 2774 1324 2841 illi
1351 2775 1515 2859 gerimus:

383 2891 513 2970 gestare
529 2889 562 2948 et
577 2879 663 2948 ferre
680 2879 819 2946 solemus
836 2881 955 2946 stolam
980 2881 1152 2948 candidam
1174 2904 1247 2948 cnm
1271 2881 1359 2949 idria
1375 2905 1432 2949 seu
1450 2905 1517 2949 ser-

383 3016 460 3063 6666
490 2993 604 3060 diebus
620 2990 782 3058 sabelinis
797 2997 831 3057 et
846 2991 920 3057 aliis
945 2991 1059 3058 diebus
1085 3013 1159 3058 cum
1183 2992 1380 3077 quibusdam
1407 2993 1516 3059 condi·

383 3103 526 3170 tionibus
550 3102 614 3186 piis
639 3099 816 3168 declaratis
851 3101 886 3165 in
911 3100 1074 3167 nonnullis
1105 3101 1256 3186 capitulis
1287 3099 1328 3167 de
1359 3103 1518 3186 amprisia

384 3210 468 3278 stole
484 3208 633 3294 predicte
649 3207 725 3273 inde
741 3205 908 3289 conlectis,
924 3228 1023 3291 quam
1039 3207 1168 3291 quidem
1179 3207 1370 3292 emprisiam
1386 3209 1521 3292 quibus·

385 3317 465 3386 libet
483 3315 665 3384 nobilibus:
691 3313 837 3382 eiusdem
862 3313 1050 3382 beatissime
1067 3315 1214 3400 Virginis
1239 3316 1365 3382 devotis
1391 3316 1520 3384 illama

385 3427 479 3494 nobis
495 3423 682 3510 petentibus
697 3422 909 3490 libentissime
933 3423 1142 3490 deferendam
1164 3423 1260 3508 juxta
1279 3423 1418 3491 sormam
1434 3427 1520 3510 cepi-

385 3534 530 3603 tulorum
545 3531 767 3598 concedimus:
786 3552 891 3614 eaque
906 3532 979 3615 ipsa
995 3531 1079 3598 stola
1096 3537 1130 3597 et
1145 3531 1303 3615 emprisia
1318 3531 1408 3617 ipsos
1428 3534 1519 3601 nobi·

385 3645 433 3710 les
449 3643 641 3712 decoremus
656 3647 691 3708 61
706 3659 878 3706 ornamus:
903 3638 944 3704 ob
961 3660 1097 3723 eamque
1121 3660 1191 3704 rem
1210 3660 1283 3704 cum
1303 3661 1362 3706 nos
1379 3639 1517 3708 eundem

386 3751 630 3820 Bernerdinum
645 3751 686 3818 ob
702 3750 868 3834 ingentem
884 3748 1097 3829 devotionem,
1117 3769 1215 3830 quam
1235 3747 1340 3814 eidem
1355 3747 1519 3832 gloriosis·

388 3862 468 3929 sime
481 3859 614 3944 Virgini
629 3858 693 3925 Dei
709 3856 861 3942 genitrici
870 3856 978 3922 Merie
987 3857 1112 3940 geritis,
1122 3855 1236 3922 eadem
1252 3855 1338 3922 stola
1353 3863 1387 3922 et
1402 3857 1519 3942 ampri-

388 3971 438 4036 sia
469 3967 581 4036 ornari
611 3973 645 4033 61
670 3966 816 4033 decorari
841 3985 959 4048 cupere
983 3963 1220 4048 intelligemus:
1252 3963 1518 4031 satisfaciendum

389 4097 458 4144 esse
473 4082 581 4144 vestre
596 4073 649 4159 pie
666 4073 829 4140 devotioni
845 4072 1012 4139 duximus:
1042 4072 1156 4154 itaque
1180 4093 1236 4138 vos
1259 4073 1518 4155 prenominatum

388 4182 630 4253 Bernerdinum
644 4185 803 4266 tanquam
819 4178 955 4265 dignum
971 4185 1004 4247 et
1019 4178 1103 4247 bene
1126 4181 1278 4246 meritum
1294 4187 1431 4266 propter
1455 4203 1520 4248 res-

388 4300 476 4360 tram
500 4291 703 4359 nobilitatem
727 4296 761 4356 61
784 4289 953 4373 sanguinis
982 4288 1177 4370 claritatem,
1191 4289 1429 4372 strenuitatem,
1460 4291 1520 4358 vir·

389 4405 477 4468 tutes
493 4405 527 4467 ot
540 4407 655 4466 'mores
671 4399 829 4484 egregios,
853 4418 935 4482 quos
960 4395 1052 4467 robis
1075 4398 1181 4464 inesse
1205 4403 1239 4462 61
1255 4399 1365 4481 rigere
1383 4401 1519 4483 apertis-

390 4509 471 4579 sime
495 4506 674 4593 didicimus,
696 4528 770 4576 eum
784 4512 919 4594 propter
936 4505 1135 4594 singularem
1152 4505 1357 4576 devotionem
1372 4512 1405 4576 et
1420 4509 1518 4595 piete-
