3336 5252
647 365 742 429 14⁷5.
1197 365 1262 430 293

131 547 311 630 periculoso
328 547 360 612 81
375 501 526 631 presente
543 569 603 631 per
618 545 729 628 gretie
754 543 794 608 de
820 542 875 608 dio
902 541 991 607 dioto
1006 541 1138 608 Maesta
1153 549 1188 609 et
1204 543 1260 628 uuj

131 657 210 720 simo
227 654 301 720 fore
317 658 357 720 de
372 657 448 739 ogni
464 655 610 741 periculo
627 652 754 720 reducti
772 653 825 717 alo
849 653 935 718 bono
959 673 1069 716 essere
1095 652 1263 718 convales-

25 756 26 759 '
130 763 237 828 centia
261 771 295 828 et
320 765 429 829 sanita
455 771 488 828 et
513 785 592 848 pero
616 782 656 826 ne
672 761 840 826 edvisamo
855 759 889 825 18
904 759 1035 825 Moesta
1052 758 1184 842 Vosne,
1200 762 1261 826 ohe

129 870 241 954 quella
256 893 290 936 se
306 894 346 937 ne
362 893 460 956 possa
475 873 700 936 meritamente
723 867 887 952 allegrere
912 865 953 932 de
968 867 992 932 li
1008 866 1096 933 felici
1121 871 1261 935 successi

128 981 167 1046 de
184 981 308 1048 Vestra
324 981 464 1061 Moesta,
481 1002 631 1065 speramo
648 1001 708 1044 oon
724 977 851 1061 grande
868 975 1030 1043 desiderio
1047 978 1088 1045 de
1100 978 1260 1058 sentireli,

127 1089 185 1154 che
201 1110 261 1174 per
276 1090 385 1172 gratie
409 1089 484 1156 delo
510 1091 735 1173 omnipotente
760 1085 825 1151 Dio
853 1086 1008 1152 serronno
1033 1108 1094 1151 oon
1122 1089 1260 1158 victorie

18 1193 20 1258 ἶ
125 1197 158 1262 18
174 1196 374 1262 extermineo
397 1197 451 1262 del
475 1197 599 1282 perfido
623 1197 740 1262 tureho
765 1216 825 1260 oon
850 1194 1067 1260 exalteetione
1091 1195 1167 1262 dele
1181 1197 1255 1265 sede

124 1307 283 1372 cristiana
298 1313 331 1372 et
346 1314 506 1391 perpetue
522 1309 629 1391 gloria
644 1305 720 1370 dela
729 1304 861 1369 Maesta
871 1300 995 1368 Vostre
1011 1309 1045 1369 et
1061 1303 1258 1375 delovostra

124 1413 340 1481 Sereuissima
364 1412 459 1481 Caso
484 1417 529 1482 Et
553 1417 581 1480 si
605 1413 638 1479 in
663 1415 781 1480 alcuna
805 1433 884 1477 cose
908 1433 1056 1494 possemo
1081 1414 1115 1478 in
1139 1423 1258 1498 queste

121 1529 219 1606 parte
230 1522 380 1589 satisfere
389 1523 445 1588 818
454 1523 587 1590 Maesta
597 1529 716 1604 vostre,
732 1519 842 1605 quella
857 1542 897 1585 ne
913 1519 945 1585 lo
955 1520 1064 1604 voglio
1079 1505 1258 1608 declarare,

121 1631 183 1696 ohe
200 1633 233 1697 lo
249 1631 391 1696 farremo
407 1653 466 1696 con
484 1633 560 1715 ogni
577 1630 696 1712 studio,
711 1653 803 1696 como
827 1651 916 1696 semo
941 1630 1056 1696 tenuti.
1072 1630 1198 1700 Datum
1213 1634 1256 1702 In

120 1741 229 1823 Regio
245 1747 382 1824 paterno
398 1739 534 1805 castello
556 1738 716 1824 Capueno
750 1739 897 1823 neapolis
920 1737 973 1804 die
989 1739 1113 1808 VIIII.
1127 1740 1255 1810 decem·

12 1843 13 1846 ’
119 1847 190 1914 bris
207 1846 511 1916 Mccucuxxv.

576 1955 697 2023 Vester
712 1961 871 2039 cognatus
887 1963 922 2024 et
938 1963 1108 2042 tamquam
1124 1959 1210 2026 filius

678 2062 837 2130 Alfousus
853 2065 931 2131 Dux
947 2065 1109 2133 Calubrie.

229 2171 442 2239 Serenissimo
467 2173 612 2258 Principi
628 2173 771 2239 Domino
803 2173 933 2238 Methie
963 2173 1050 2257 Regi
1083 2175 1253 2260 hungarie,

117 2279 269 2345 bohemie
279 2287 337 2346 eto.
348 2288 488 2366 cognato
505 2288 539 2347 et
554 2288 711 2366 tauquam
727 2283 814 2366 patri
832 2292 944 2347 nostro
955 2281 1252 2351 honorandissimo.
1328 2312 1331 2320 ¹

228 2427 339 2478 Grande
350 2427 484 2478 Archivio
497 2427 525 2478 di
537 2427 647 2492 Napoli.
662 2426 762 2477 Ufficio
775 2426 857 2478 Polit.
870 2427 1004 2494 Regestrs
1016 2427 1116 2480 curiae
1126 2430 1253 2482 Summe·

113 2516 175 2568 riae
192 2517 452 2569 1475-1t78.vol.
466 2517 590 2569 x11.fol.
606 2523 648 2569 72.

607 2699 767 2708 ——

648 2935 725 2998 204.

114 3099 213 3164 1475.
238 3099 370 3162 Donato
396 3093 499 3161 Antal
523 3095 683 3180 k'o'vetse'pi
699 3095 852 3180 jelentiee
867 3119 889 3160 a
904 3095 1059 3162 oeteoozei
1073 3097 1208 3185 dopttez
1226 3123 1249 3164 o

239 3227 382 3292 mapyor
397 3203 498 3290 itppek
513 3203 734 3290 oirzonyairol
751 3227 773 3268 a
799 3203 910 3268 romei
922 3204 1084 3290 pependi.

225 3363 437 3430 serenissime
462 3363 620 3447 Princeps
645 3369 679 3429 et
694 3362 833 3428 Domine
848 3361 1139 3430 Excellentissime.
1165 3363 1249 3433 Sero

111 3495 190 3539 cum
205 3471 321 3538 l’useta
336 3474 402 3538 mio
427 3473 611 3538 reverentia
635 3473 785 3537 rieevetti
801 3471 916 3538 lettere
932 3471 1021 3538 delle
1036 3471 1078 3539 V.
1094 3469 1249 3557 Signoriu

109 3579 155 3647 de
179 3582 214 3647 di
239 3585 291 3648 22.
307 3601 381 3646 eum
412 3581 538 3647 incluse
554 3581 645 3664 copie
662 3580 704 3646 de
719 3581 836 3646 lettere
868 3577 1079 3664 d’Ungheria‚
1110 3582 1140 3648 le
1157 3581 1249 3666 quali

107 3691 192 3757 tutti
202 3691 282 3758 lette
299 3691 340 3756 ed
356 3693 459 3757 intese
475 3712 534 3774 per
548 3672 707 3772 esequire,
723 3697 846 3774 quanto
861 3689 896 3757 18
906 3687 1108 3758 Celsitudine
1123 3691 1248 3760 Vostra

109 3822 165 3865 me
183 3799 387 3883 commende,
403 3805 520 3884 questo
543 3798 683 3864 mettius
698 3819 758 3882 per
781 3804 890 3883 tempo
914 3797 1014 3864 andei
1029 3821 1050 3866 8
1072 3799 1214 3866 Polemo
1230 3820 1249 3866 e

5 3937 8 3948 ·
105 3907 202 3973 facto
217 3929 333 3992 supere
349 3907 382 3973 81
398 3905 569 3990 Pontifioe,
584 3905 643 3971 che
660 3905 691 3971 io
708 3928 764 3972 era
780 3906 814 3988 li,
824 3905 933 3990 quello
950 3927 1014 3972 non
1032 3907 1100 3974 solo
1116 3929 1168 3974 me
1178 3907 1248 3975 ieoe

105 4021 253 4098 entrare,
282 4037 337 4082 me
361 4015 469 4081 subito
500 4036 580 4080 vene
610 4014 683 4080 fore
699 4021 731 4080 et
746 4017 790 4079 mi
816 4037 930 4082 oooore
947 4015 981 4081 in
995 4015 1030 4082 18
1047 4037 1176 4082 camere
1191 4016 1246 4083 del

106 4125 305 4209 Pepogallo.
320 4123 413 4190 Dissi
428 4123 527 4190 hever
551 4122 671 4189 hevuto
687 4121 802 4189 lettere
827 4123 883 4190 del
900 4123 1106 4190 Excellentie
1122 4123 1248 4194 Vestra

104 4240 143 4299 et
157 4233 285 4299 excussi
311 4233 342 4299 el
355 4231 491 4299 tardare
516 4231 601 4298 delle
625 4232 766 4315 risposte
782 4234 817 4298 in
833 4235 971 4299 materia
986 4233 1170 4318 prinoipele
1187 4254 1247 4299 oon

102 4343 139 4409 le
155 4343 267 4410 resoni
282 4343 370 4408 ultre
387 4341 472 4406 volte
487 4346 591 4421 usote,
607 4347 640 4405 et
660 4340 748 4406 oiroa
764 4348 882 4426 queste
898 4341 1056 4408 dilutione
1071 4343 1189 4409 rimese
1213 4341 1249 4408 18

102 4451 176 4520 Sue
192 4448 808 4533 888881818888818818818811818818,
825 4452 965 4517 maxime
980 4471 1039 4535 per
1054 4449 1089 4516 18
1104 4450 1246 4516 seeundo

100 4567 200 4647 parte
230 4558 315 4624 delle
344 4557 468 4640 lettere,
484 4557 544 4623 ohe
559 4558 595 4622 18
626 4555 840 4624 Beetitudine
873 4557 943 4626 Sue
969 4582 1003 4626 se
1019 4559 1087 4625 feoe
1105 4564 1197 4626 oerto
1212 4558 1248 4625 18
