3336 5258
393 347 458 434 41'6
756 386 993 434 orrnouaczmr
1010 374 1179 434 austres.

392 547 507 614 audire
524 552 699 629 recusaret,
715 546 765 624 vel
790 547 1064 632 oppugnationem
1089 548 1242 634 prosequi
1257 549 1388 614 omnino
1407 545 1505 610 vellet
1524 571 1532 610 z

392 659 430 723 tu
454 654 600 722 ediverso
632 654 782 720 omnibus
812 653 933 732 viribus
966 641 1111 742 prohibe,
1139 654 1275 723 defende
1307 663 1341 723 et
1371 675 1529 722 conserva

392 765 507 834 urbem
523 763 713 849 predictam.
739 763 889 831 Habebis
906 771 942 832 ut
965 764 1105 832 diximus
1122 765 1270 850 Mallum,
1286 767 1321 832 in
1337 765 1430 850 cujus
1455 784 1530 848 pre·

392 875 498 942 sentia
514 893 710 957 magnopere
726 893 895 957 speramus
912 895 985 941 cum
1002 875 1069 940 suis
1084 874 1248 960 peditibus
1265 879 1298 940 et
1313 897 1352 941 ex
1377 873 1529 958 Hystria,

392 984 605 1066 omnibusque
630 983 741 1049 vicinis
773 982 887 1050 insulis
913 983 1077 1068 contrahe,
1101 991 1260 1070 quantum
1291 983 1459 1051 hominum
1494 985 1529 1044 et

393 1094 510 1160 virium
535 1090 754 1157 necessarium
779 1097 871 1176 esset,
887 1098 924 1158 ut
949 1115 1012 1160 nou
1038 1094 1143 1161 solum
1168 1114 1327 1175 coerceas,
1344 1092 1401 1159 sed
1426 1091 1528 1156 etiam

313 1231 322 1247 ·
393 1201 534 1288 repellas
560 1198 603 1266 ab
629 1197 797 1265 obsidione
823 1200 945 1282 hostes,
971 1202 997 1268 si
1023 1200 1179 1286 possibile
1204 1202 1256 1284 sit,
1272 1207 1305 1268 ct
1321 1202 1410 1268 circa
1425 1199 1529 1265 talem

392 1312 483 1380 urbis
499 1308 719 1377 defensionem
744 1329 809 1374 non
827 1309 947 1375 erimus
973 1309 1148 1394 longiores,
1165 1309 1327 1394 quomodo
1343 1307 1530 1395 prudentis·

393 1423 492 1488 simus
509 1440 552 1501 es,
568 1423 602 1484 et
617 1416 852 1500 magnanimus,
868 1425 990 1484 etcum
1008 1418 1134 1487 aderis:
1150 1425 1231 1486 nota
1247 1419 1310 1486 tibi
1327 1423 1445 1484 cuncta
1461 1413 1528 1479 lue-

392 1531 460 1595 rint
475 1527 518 1594 ad
534 1527 638 1611 ipsam
654 1523 871 1592 defensionem
888 1531 920 1591 et
936 1527 1215 1594 conservationem
1239 1533 1433 1614 opportuna,
1449 1544 1527 1609 quo·
1622 1587 1626 1597 ,
1656 1589 1657 1596 χ

393 1660 466 1706 rum
481 1633 563 1702 nibil
578 1631 764 1699 ammissum
781 1639 839 1699 aut
854 1634 1017 1718 reliquum
1033 1633 1158 1702 leceris.

501 1741 600 1810 Alter
609 1741 670 1808 tibi
688 1740 825 1808 offertur
840 1743 1111 1828 propugnationis
1127 1764 1228 1828 genus
1241 1743 1339 1828 longe
1354 1739 1529 1808 efficacius,

394 1852 484 1938 quod
508 1853 551 1917 sit
576 1851 648 1936 ipsa
672 1849 841 1917 murorum
866 1858 898 1918 et
926 1850 1017 1918 urbis
1045 1849 1192 1919 defensio
1216 1852 1431 1937 prohibendo,
1448 1871 1473 1915 s.
1489 1869 1528 1913 ex

394 1959 572 2030 continenti
597 1959 631 2023 in
647 1958 791 2026 insulam
816 1961 1054 2044 transportatio
1080 1960 1234 2044 gentium,
1252 1960 1469 2027 munitionum
1496 1960 1528 2021 et

394 2068 591 2150 victualium,
601 2067 644 2134 ad
660 2066 739 2151 quid
756 2072 792 2134 tu
808 2085 880 2132 cum
896 2067 1094 2152 triremibus,
1107 2067 1353 2154 fustis,barchis
1377 2073 1410 2134 et
1429 2065 1529 2133 omni-

394 2177 482 2246 faria
500 2173 658 2258 custodia,
674 2181 746 2240 esto
771 2175 1024 2240 intentissimus:
1041 2175 1163 2258 nequid
1178 2177 1308 2243 comodi
1334 2182 1448 2260 gentes
1473 2173 1529 2239 ille

395 2286 436 2355 ab
462 2292 554 2352 terra
584 2283 679 2349 firma
709 2281 869 2365 recipiant
893 2289 927 2348 et
959 2291 1020 2348 ect.
1044 2281 1170 2350 Verum
1195 2285 1237 2352 ab
1270 2284 1358 2352 omni
1383 2285 1529 2350 novitate

394 2397 428 2460 in
446 2401 536 2461 terra
560 2390 656 2457 firma
679 2393 826 2473 tempera
842 2396 942 2472 atque
958 2389 1113 2457 abstineri
1137 2391 1249 2478 facias,
1265 2398 1424 2478 quantum
1455 2390 1529 2476 plus

395 2509 498 2589 potes,
512 2506 549 2567 ut
563 2497 748 2566 necessaria
763 2499 867 2581 magis
883 2503 941 2563 tua
957 2497 1107 2565 videatur
1122 2497 1277 2584 delensis,
1301 2521 1401 2584 quarn
1417 2499 1529 2565 volun·

392 2612 480 2678 taria
504 2607 648 2677 offensio.
664 2609 712 2676 Et
738 2607 764 2672 si
791 2605 953 2691 acciderit,
979 2608 1068 2692 quod
1094 2609 1202 2676 Maier
1228 2609 1309 2675 Bias
1335 2609 1529 2675 necessitate

395 2718 578 2804 compulsus
594 2716 737 2785 omnium
753 2715 971 2798 comodorum,
996 2715 1232 2802 desperataque
1256 2717 1348 2784 urbis
1364 2738 1529 2802 expugna·

395 2829 494 2910 tione,
511 2832 655 2894 mutaret
680 2824 849 2892 consilium
873 2831 907 2890 et
922 2825 1051 2908 regredi
1067 2825 1167 2892 vellet
1183 2827 1217 2891 in
1233 2831 1359 2893 terram
1383 2825 1529 2892 firmam:

394 2959 503 3005 sumus
520 2936 674 3017 contenti,
684 2940 721 3000 ut
737 2955 893 3020 personas
909 2941 943 3000 et
959 2934 1127 3001 machinas
1144 2943 1178 3003 et
1193 2938 1321 3021 reliqua
1336 2937 1447 3002 omnia
1463 2955 1529 3016 sua,

394 3051 465 3113 tuto
482 3051 515 3112 et
530 3045 600 3112 sine
624 3045 694 3112 ulla
720 3044 849 3128 penitus
874 3044 997 3110 lesione
1023 3043 1132 3130 trajici
1156 3045 1267 3128 iacias,
1284 3067 1357 3112 cum
1382 3043 1526 3110 deelara-

395 3155 483 3222 tione
500 3174 625 3238 semper
640 3151 799 3237 propositi
815 3157 848 3216 et
871 3150 1092 3236 dispositionis
1118 3159 1229 3219 nostre
1254 3153 1477 3222 conservande
1499 3156 1530 3214 et

395 3262 617 3348 perpetuanda
641 3258 725 3326 bone
750 3265 783 3325 et
807 3259 986 3343 tranquille
1012 3259 1101 3345 pacis
1127 3267 1160 3327 et
1185 3261 1369 3328 vicinitatis.
1387 3260 1424 3329 Si
1446 3279 1530 3330 vero,

395 3371 483 3456 quod
514 3369 609 3451 absit,
643 3374 720 3436 ante
754 3373 846 3434 tuum
882 3367 1052 3452 appulsum
1084 3368 1164 3434 urbs
1195 3368 1307 3435 dedita
1338 3367 1463 3451 fuisset,
1494 3373 1530 3433 tu

394 3486 504 3546 tamen
533 3476 636 3544 facias
668 3496 741 3542 cum
771 3474 874 3558 galeis
904 3475 964 3540 tibi
996 3476 1175 3542 commissis
1210 3496 1380 3543 remanere
1404 3479 1438 3543 in
1464 3474 1530 3540 illis

395 3588 499 3671 aquis,
516 3593 550 3652 et
561 3585 740 3671 diligenter
757 3583 929 3668 explorata
944 3584 1124 3650 intentione
1132 3583 1243 3670 Majer
1258 3584 1351 3670 Bias,
1366 3607 1426 3652 nos
1441 3584 1529 3652 iesti-

397 3695 586 3762 nantissime
603 3692 725 3775 advisa,
742 3697 775 3757 et
791 3698 928 3768 expecta
943 3693 1142 3760 mandatum.

503 3801 566 3872 Vir
581 3800 712 3869 Nobilis
727 3800 754 3867 J
754 3800 876 3866 acobus
892 3799 1036 3870 Venerio
1052 3801 1199 3886 provisor
1222 3807 1343 3886 noster,
1360 3804 1417 3887 qui
1440 3825 1529 3888 mag-

394 3913 525 3978 nanime
556 3917 590 3975 et
621 3907 742 3994 optime
777 3929 810 3974 se
841 3909 952 3992 gessit,
977 3909 1203 3993 perseverabit
1228 3908 1402 3992 vobiscum,
1427 3910 1529 3978 donec

397 4019 527 4104 cognito
545 4018 698 4103 impresie
715 4016 812 4098 exitu,
829 4016 919 4083 aliud
935 4015 1027 4083 vobis
1044 4020 1078 4083 et
1093 4017 1156 4084 sibi
1173 4020 1384 4103 imponemus.

504 4125 541 4192 Si
556 4126 591 4192 in
608 4125 670 4192 hoc
685 4129 793 4194 vestro
806 4145 901 4190 cursu
918 4121 1096 4191 offenderes
1112 4125 1250 4192 Mallum
1266 4147 1338 4192 cum
1357 4125 1424 4192 suis
1441 4126 1529 4210 pedi·

396 4235 484 4302 tibus
508 4234 701 4319 impeditum
727 4239 760 4300 et
783 4238 981 4300 remoratum
997 4255 1018 4300 a
1033 4236 1138 4300 ventis
1158 4235 1329 4319 oppositis,
1354 4255 1526 4320 personam

395 4344 483 4409 illius
514 4342 625 4427 accipe
651 4341 827 4424 vobiscum,
852 4363 926 4407 eum
956 4343 1022 4409 illis
1054 4365 1093 4409 ex
1125 4343 1198 4424 suis,
1224 4363 1362 4428 quorum
1386 4344 1527 4408 triremis

395 4457 503 4516 vestra
528 4470 632 4537 capax
648 4455 740 4532 esset,
756 4455 790 4517 et
805 4449 947 4536 Veglam
974 4450 1154 4534 conducite,
1170 4450 1333 4536 quomodo
1353 4473 1527 4538 personam

396 4580 490 4624 suam
505 4559 616 4644 magni
631 4557 702 4630 iore
719 4558 873 4627 momenti
889 4557 932 4625 ad
948 4559 1011 4626 loci
1021 4559 1299 4626 conservationem
1315 4559 1529 4642 arbitramur,
