3356 5266
331 334 395 395 lae
686 352 921 397 nlruouuenrnr
938 337 1105 396 amanus.

329 509 415 591 Sue;
432 508 550 594 Sicque
567 511 705 595 scribite,
721 519 754 578 et
782 513 892 578 omnia
911 511 1087 590 declarate,
1113 529 1176 593 que
1193 507 1285 574 vobis
1299 493 1465 594 Majestas
1591 573 1597 580 ,

330 617 398 684 Sua
413 619 541 684 dixerit

436 743 544 810 Debet
559 743 681 811 habere
705 745 869 830 aprefata
885 745 992 828 Regia
1016 741 1196 828 Majestate
1220 764 1302 809 uxor
1325 741 1465 810 condam

329 853 452 938 egregij
473 853 552 918 civis
568 854 674 919 nostri
690 853 858 921 Leonardi
875 860 996 920 certam
1011 853 1222 936 pecuniarum
1238 852 1465 936 quantitatem,

330 982 425 1043 quem
443 961 616 1027 admodum
633 961 675 1028 ab
692 963 763 1046 ipsa
779 964 871 1028 eritis
894 959 1139 1046 particulariter
1163 960 1366 1040 informatus,
1391 983 1465 1043 pro-

330 1070 426 1134 modo
444 1069 635 1137 mandamus
650 1071 752 1154 vobis,
768 1078 805 1138 ut
820 1071 908 1155 apud
925 1071 1087 1156 prefatam
1100 1069 1140 1135 R.
1151 1070 1363 1154 Majestatem
1380 1067 1466 1134 detis

332 1198 464 1260 operam
490 1179 638 1245 omuibus
663 1178 730 1245 iltis
756 1181 825 1264 vijs,
851 1201 934 1263 quas
960 1180 1140 1246 conducere
1166 1177 1402 1258 existimabitis,
1427 1181 1465 1240 ut

330 1288 403 1369 ipsa
419 1293 643 1370 consequatur,
659 1295 817 1373 quantum
834 1288 875 1354 ab
891 1289 961 1371 ipso
977 1286 1071 1370 Rege
1087 1286 1209 1352 habere
1225 1285 1331 1352 debet..

439 1412 491 1477 De
507 1417 602 1496 parte
672 1452 715 1464 -
763 1417 804 1480 65
853 1452 896 1462 -
944 1417 994 1479 74.

439 1520 571 1587 Denon
672 1563 713 1571 -
782 1527 804 1588 4
850 1559 893 1570 -
940 1557 983 1570 -

439 1629 515 1696 Non
532 1633 647 1697 sinceri
671 1670 714 1678 -
785 1635 804 1694 3
851 1669 895 1680 --
965 1639 995 1698 2.

441 1796 596 1858 (Velenozei
611 1796 790 1862 allamkonyv
805 1800 846 1847 27.
861 1797 891 1858 l.)

874 2216 924 2276 79.

339 2391 435 2454 1469.
453 2389 607 2454 Bullctua
633 2390 766 2472 Kristo'f
788 2391 944 2476 ledoetae'pi
961 2393 1111 2476 jeleatc'se
1138 2417 1159 2456 c
1184 2391 1326 2456 caildao'i
1343 2393 1472 2478 sejede-

338 2498 453 2562 lamhee
479 2521 499 2561 α
525 2500 616 2564 ttir'o'lc
640 2499 724 2564 tadi
749 2500 1019 2586 mozqolmekrdl,
1036 2499 1167 2586 ,troipas
1182 2499 1364 2585 kirddyaok
1384 2502 1470 2564 eset·
1556 2563 1564 2574 ,

597 2612 713 2694 oraaa'9
729 2607 808 2672 clleo
824 2608 913 2671 cisolt
929 2607 1144 2691 hodor-ttjdrdl
1161 2608 1216 2672 eth.

443 2785 553 2850 Ill-mo
578 2789 610 2850 et
634 2782 752 2851 Ex-mo
777 2784 900 2869 Signor
929 2787 1003 2850 mio.
1029 2782 1095 2850 Ale
1127 2785 1269 2851 novitate
1295 2784 1328 2849 di
1355 2789 1470 2868 questo

338 2913 435 2975 paese
451 2915 468 2956 e
486 2900 683 2975 soproaonto
700 2894 806 2976 questi
823 2895 919 2976 primi
938 2894 970 2958 di
986 2915 1052 2958 una
1070 2893 1166 2957 trista
1182 2899 1215 2956 et
1241 2914 1355 2958 amara
1379 2913 1472 2957 nova.

339 2998 440 3064 Oomo
457 3023 522 3066 una
537 3000 660 3083 grande
677 3007 772 3083 parte
798 3001 837 3064 de
862 3001 950 3085 queli
966 2997 1090 3065 'l'urchi
1115 3001 1281 3084 guardono
1299 2999 1406 3081 quelle
1429 2999 1471 3062 de

339 3127 445 3188 paese,
476 3107 585 3172 hanno
617 3107 704 3172 nella
735 3107 885 3191 Bossina,
913 3108 1016 3174 molto
1049 3114 1284 3174 secretameute
1324 3129 1359 3172 se
1391 3129 1472 3172 sono

339 3213 445 3296 levati,
463 3236 480 3278 e
498 3235 557 3279 oon
576 3221 668 3280 tanta
683 3217 823 3281 velocita
839 3219 962 3300 passati
978 3237 1037 3299 per
1054 3217 1085 3280 la
1101 3213 1252 3298 (troanie,
1268 3217 1326 3282 che
1347 3216 1376 3280 el
1392 3237 1473 3298 pare

340 3321 432 3386 siano
449 3321 550 3387 volati
566 3345 625 3412 per
641 3345 725 3401 aere,
746 3323 845 3408 dopoi
869 3346 903 3390 se
929 3346 1008 3390 sono
1033 3325 1181 3391 condotti
1205 3326 1279 3390 uela
1303 3323 1474 3390 Carniolia

339 3431 502 3512 provintia
519 3431 573 3496 del
590 3432 715 3498 Ser-mo
732 3435 979 3516 Imperatore‚e
1005 3435 1113 3500 vicina
1137 3434 1169 3499 al
1194 3433 1300 3498 Friuli
1326 3454 1385 3515 per
1408 3453 1474 3495 una

340 3537 495 3603 ziornata.
527 3539 622 3607 Unde
648 3565 683 3609 se
708 3565 826 3626 posaro
853 3564 988 3626 acampo
1015 3544 1122 3608 subito
1147 3564 1168 3608 a
1192 3542 1346 3607 Lubiaua
1370 3541 1429 3605 lita
1455 3562 1473 3602 e

340 3647 446 3729 primo
478 3648 550 3714 loco
575 3649 615 3715 de
640 3651 729 3716 dicta
754 3650 918 3733 provincia
944 3671 961 3714 e
987 3649 1075 3715 detto
1092 3651 1177 3734 vogli
1193 3651 1257 3714 troi
1282 3649 1474 3733 asprissime

339 3753 636 3842 bataglio,mape1·
653 3759 685 3824 la
700 3758 843 3824 fortezza
859 3759 898 3823 de
916 3780 988 3823 essa
1007 3759 1075 3823 cita
1090 3765 1123 3824 et
1149 3779 1238 3825 esser
1262 3757 1343 3824 bene
1360 3757 1476 3838 difesa‚

341 3884 404 3926 non
421 3871 536 3946 potero
561 3865 658 3948 fargli
685 3867 779 3946 altro,
805 3888 840 3932 se
866 3889 931 3931 non
955 3867 1013 3931 ohe
1039 3889 1134 3931 usare
1159 3867 1190 3931 le
1206 3865 1276 3932 loro
1293 3866 1388 3932 solite
1404 3853 1476 3932 cru·

340 3970 429 4034 delta
446 3971 480 4035 in
496 3994 664 4038 amaazare
681 3975 798 4057 piccoii
814 3997 832 4040 e
848 3975 1006 4041 bestiame
1023 3997 1040 4040 e
1057 3975 1179 4040 lassare
1195 3975 1266 4040 ioco
1281 3994 1340 4059 per
1355 3980 1441 4040 tutto
1458 3998 1477 4039 e

340 4078 499 4145 eonducer
531 4103 604 4146 seco
635 4083 739 4165 quelli
770 4084 848 4148 tutti
873 4104 1004 4167 presero
1035 4084 1079 4149 da
1113 4083 1228 4148 xx-ti
1257 4084 1334 4148 anui
1367 4084 1401 4148 in
1428 4104 1477 4146 su.

340 4185 493 4253 L'ultima
509 4209 599 4268 noue,
616 4190 673 4254 ohe
690 4191 783 4256 seha
804 4192 836 4257 la
853 4191 983 4257 Maesta
1009 4191 1061 4255 del
1087 4189 1302 4256 Serenissimo
1329 4190 1477 4273 impera-

340 4302 421 4377 tore,
431 4317 510 4361 sono
528 4297 560 4362 di
578 4305 692 4380 questo
709 4299 830 4382 offecto,
847 4300 906 4364 ohe
922 4300 1011 4364 circa
1020 4297 1212 4363 XII-millia
1223 4297 1399 4382 christiani,
1415 4298 1476 4363 ohe

340 4403 456 4468 tirrouo
472 4405 578 4471 subito
595 4408 780 4472 comandati
796 4407 851 4472 dal
871 4407 1052 4491 Capitaneo
1069 4408 1109 4472 de
1126 4408 1214 4474 dieta
1233 4405 1387 4471 Lubiana
1403 4428 1477 4490 per-

341 4514 513 4600 segvivano
525 4515 607 4580 dieti
624 4513 757 4599 Turchi‚
773 4515 831 4581 ohe
848 4537 882 4582 se
899 4517 1027 4601 extima,
1039 4515 1162 4583 fossero
1179 4515 1265 4580 eirca
1281 4513 1319 4579 X
1335 4514 1477 4598 millia‚e
