3336 5252
660 331 754 392 1476.
1208 324 1272 386 329

141 507 290 592 pleverit,
317 513 352 572 et
367 508 410 572 ob
432 510 557 592 justam
572 529 703 574 causam
722 506 867 590 potuerit
882 504 1005 568 dietam
1021 525 1119 568 unam
1135 501 1224 567 alam
1240 509 1274 568 et

143 623 260 700 postea
293 618 466 700 contingat
491 619 610 681 iterum
636 616 834 682 intervenire
858 616 892 679 iu
924 612 1089 695 aliquibus
1120 611 1218 676 rebus
1243 618 1275 675 et

143 724 286 806 negotiis
300 722 497 789 militaribus
513 725 721 808 supradietis,
731 729 866 807 propter
877 744 958 804 (luas
974 719 1170 786 unamaiam
1187 722 1279 785 inau-

143 833 242 915 ravit,
257 833 360 916 possit
383 831 524 898 alteram
549 833 636 898 alam
663 835 823 898 inaurare
844 831 965 911 taliter,
990 829 1078 913 quod
1097 829 1126 895 si
1141 829 1191 895 bis
1207 851 1278 912 pre-

145 941 237 1007 dicta
263 941 484 1025 eomplere·.it,
508 943 597 1007 utin
621 942 872 1026 precedentibus
898 940 1050 1023 capitulis
1081 960 1277 1021 expressum,

145 1051 250 1134 possit
282 1050 394 1115 ambas
419 1050 524 1116 dict-as
548 1052 618 1117 alas
644 1053 807 1132 inaurare,
831 1055 981 1115 teneatur
1006 1071 1057 1114 me
1083 1049 1122 1112 de
1149 1047 1211 1112 hac
1242 1070 1277 1112 re

145 1157 253 1222 faeere
277 1159 449 1224 certiorem
474 1182 534 1243 per
559 1163 700 1244 primum
725 1158 887 1240 araldum,
903 1158 1088 1240 ubieunque
1109 1156 1279 1238 contingat

145 1289 198 1333 me
213 1269 360 1350 reperiri,
377 1275 413 1332 ut
429 1267 468 1332 de
493 1269 618 1334 hisdem
643 1269 772 1334 valeam
799 1269 926 1349 equites
942 1266 1114 1331 scutiferos
1130 1263 1278 1329 dominas

146 1383 180 1440 et
195 1377 322 1459 puellas
338 1375 422 1441 dicte
437 1378 592 1461 amprisie
609 1378 717 1443 faeere
733 1378 898 1442 certiores,
915 1377 957 1441 In
974 1396 1110 1457 quorum
1134 1373 1279 1438 testimo

148 1484 237 1549 nimu
253 1489 313 1548 eta
329 1483 443 1548 datum
459 1486 562 1568 Neap.
578 1485 678 1552 XVI.
694 1485 896 1570 Septembris
913 1505 999 1549 auno
1024 1483 1080 1548 dui
1100 1485 1195 1548 1476.

195 1592 267 1658 Rex
283 1593 313 1659 F
314 1592 514 1660 erdinandus
530 1615 571 1659 m.
587 1617 617 1680 p.

762 1702 871 1768 D·nus
887 1725 944 1766 rex
960 1700 1128 1766 mandavit
1146 1699 1235 1778 mibi,

785 1810 966 1877 Antonelio
983 1811 1024 1875 de
1040 1808 1211 1874 Petrutiis.

257 1918 372 1985 Simile
404 1921 610 2003 privilegium
641 1921 827 2003 expeditum
859 1920 919 1984 init
952 1921 985 1984 iu
1016 1939 1158 2003 persona
1187 1917 1280 1981 Petri

149 2025 262 2092 Gereb
278 2029 422 2110 pannoni
437 2031 541 2110 equiti
558 2029 617 2093 sub
634 2029 747 2093 eadem
764 2029 851 2094 data.

259 2134 372 2200 Simile
397 2158 524 2222 quoque
548 2137 751 2220 privilegium
778 2137 963 2221 expeditum
988 2136 1048 2202 suit
1082 2136 1115 2199 iu
1139 2155 1280 2218 persona

150 2241 283 2307 Herrici
300 2243 340 2308 de
356 2242 452 2309 Nova
470 2244 577 2325 domo,
592 2242 741 2309 bohemie
756 2243 882 2310 baroni.

258 2408 380 2466 (Grande
394 2409 525 2458 Ambivio
534 2411 562 2458 di
577 2409 692 2472 Napole,
701 2411 1041 2473 Cancellariabragouese.
1052 2406 1181 2471 Registra
1195 2405 1283 2454 Privi-

151 2498 249 2563 legior.
263 2498 324 2548 vol,
338 2499 398 2550 XV.
412 2499 494 2550 Anno
509 2503 660 2550 1473-77.
673 2500 740 2549 t'olio
754 2501 808 2560 82.)

681 2921 755 2980 226.

153 3079 251 3141 1476.
270 3077 460 3143 ferdinand
477 3081 611 3166 ua'polyi
635 3081 749 3166 kirtly
763 3082 830 3146 teht
846 3104 987 3168 erisippur
1002 3081 1090 3167 stiur
1115 3080 1284 3143 kerebne're

152 3186 283 3248 Hearik
307 3188 375 3249 csrb
397 3185 509 3272 puiset
533 3190 573 3252 de
598 3212 680 3252 ποτα
699 3190 800 3266 dome,
816 3190 980 3254 valoniint
995 3189 1229 3276 Szentpydrppi
1252 3189 1285 3252 e's

152 3293 263 3356 bnzini
282 3295 362 3380 qro's
372 3295 490 3361 Ja'nosr
507 3297 614 3362 Pe'tert
631 3300 663 3362 e's
690 3299 791 3364 θοι-εὐ
806 3299 914 3364 Pe'tert
931 3325 951 3363 α
968 3311 1044 3363 sztr‘z
1061 3297 1174 3362 Morio
1192 3298 1285 3362 rend-

578 3406 848 3492 je'relseldr'ezr'ti.

260 3544 489 3612 Ferdiuandus
505 3553 565 3612 ete
577 3547 753 3630 Magnifice
766 3551 835 3614 viro
846 3550 967 3616 Comiti
983 3550 1127 3616 Henrioo
1142 3550 1182 3615 de
1199 3571 1286 3614 nova

153 3653 252 3717 domo
269 3652 407 3720 bohemo
433 3653 550 3722 devoto
575 3657 669 3723 nobis
694 3660 862 3724 carissimo
887 3661 1034 3726 salutem.
1059 3661 1107 3726 Ut
1122 3661 1286 3726 desiderio

152 3761 393 3844 cupiditatique
411 3785 475 3829 non
492 3763 655 3831 nullorum
670 3787 844 3850 procerum
860 3775 893 3832 et
910 3768 1071 3833 nobilium
1095 3769 1286 3851 Regnorum

153 3869 330 3950 Hnngarie
346 3875 380 3935 et
404 3870 570 3953 Bobemie,
588 3876 645 3954 qui
670 3882 706 3939 ut
730 3877 915 3958 accepimus
942 3875 1098 3959 impresia
1116 3876 1198 3941 stole
1214 3897 1285 3940 cum

152 3977 264 4042 hidria
280 3999 336 4043 seu
348 3977 456 4062 jarria
473 3978 519 4065 (Ρ)
531 3981 700 4065 deaurata,
711 4007 807 4068 quam
818 3987 924 4050 nostri
939 3987 1166 4069 progenitores
1180 3987 1216 4050 iu
1230 3985 1287 4051 bo·

153 4106 268 4152 norem
291 4085 479 4152 beatissime
498 4089 646 4172 Virginis
671 4092 780 4157 Mario
805 4094 897 4157 festis
921 4094 1022 4177 ipsius
1038 4093 1135 4159 beate
1149 4095 1285 4177 uirginis

153 4219 194 4261 ao
208 4195 322 4263 diebus
338 4199 498 4264 sabatinis
514 4200 726 4267 deserendam
742 4203 965 4285 instituerunt,
976 4204 1126 4270 decorari
1142 4205 1286 4288 cupiunt,

154 4301 363 4369 satisfactum
379 4306 431 4389 sit,
441 4329 514 4371 cum
529 4308 564 4372 id
579 4330 638 4392 per
653 4317 711 4375 nbs
728 4311 815 4393 ipsos¹
831 4332 942 4375 eoram
958 4311 999 4376 ob
1014 4314 1189 4377 maximam
1200 4313 1286 4379 loco·

154 4433 229 4477 rum
260 4412 449 4478 distantiam
481 4414 565 4479 effici
599 4424 751 4500 nequeat,
781 4415 874 4482 robis
913 4418 1101 4502 supradicto
1138 4421 1286 4488 Heurieo

152 4519 274 4600 comiti,
291 4541 389 4602 quem
414 4531 549 4606 propter
575 4525 713 4592 virtutes
739 4533 865 4592 rostras
890 4528 987 4592 acin
1006 4549 1066 4594 nos
1082 4529 1286 4597 devotionem
