3336 5252
662 371 757 439 1475.
1215 375 1276 442 287

143 551 239 616 nobis
256 555 333 616 sunt
357 552 448 617 ultra
474 551 636 636 adhesuri,
661 551 794 635 gravius
819 551 880 618 hee
903 550 1047 638 ferenda,
1073 554 1151 640 quia
1175 557 1280 622 omnis

142 661 405 726 adversariorum
431 662 596 745 potentia;
623 666 776 746 preterea
800 681 873 726 oum
904 662 997 728 nobis
1012 685 1097 730 anno
1113 666 1279 749 superiore

139 767 277 854 laqueos
302 768 522 850 tetenderunt,
549 791 614 834 non
638 790 729 853 paee,
754 791 819 836 non
844 771 979 854 treugis,
1004 793 1070 837 non
1082 773 1280 858 juramentis

142 879 272 960 curatis,
289 877 374 944 elam
399 877 501 944 tantis
526 883 641 944 eontra
666 899 726 944 nos
754 879 914 943 exereitus
940 878 1111 963 duxerunt,
1137 887 1169 945 et
1185 882 1280 964 quasi

140 983 286 1068 leporem
311 986 437 1052 maesse
463 993 596 1070 captare
622 986 731 1052 conati
759 993 843 1051 sunt
879 983 961 1069 Quis
990 988 1083 1053 nobis
1115 988 1278 1073 adjutorio

141 1091 231 1158 suit?
248 1091 330 1177 Quis
346 1095 452 1162 velum
478 1101 548 1160 tum
565 1095 728 1161 Nuntium
744 1095 788 1160 ad
807 1095 988 1180 solandum,
1012 1095 1098 1179 quod
1114 1095 1193 1162 orbe
1208 1101 1278 1163 toto

141 1201 318 1283 ferebatur,
334 1203 560 1269 extemrinium
579 1211 725 1270 nostrum
741 1204 849 1285 misit3
873 1205 938 1268 imo
956 1203 1031 1286 quie
1047 1203 1141 1269 nobis
1166 1204 1279 1270 adver·

141 1311 208 1374 sari
225 1331 288 1375 non
305 1313 401 1396 oepit.
411 1311 485 1378 Hee
501 1318 534 1377 et
551 1311 672 1378 similia
688 1312 765 1377 dum
782 1311 916 1396 accipio,
925 1318 1035 1397 potest
1044 1309 1168 1381 Vestra
1184 1311 1278 1398 Mag-

140 1415 311 1484 nificenzia
326 1420 541 1501 considerare,
567 1421 684 1504 quibus
710 1442 788 1486 uror
806 1421 894 1504 loris,
914 1441 1046 1503 negare,
1062 1421 1148 1503 quod
1165 1442 1276 1486 verum

140 1531 200 1607 est,
216 1547 280 1592 non
295 1549 439 1610 possum,
455 1529 604 1609 suadere,
614 1528 702 1612 quod
718 1529 824 1611 longe,
840 1527 927 1611 quod
944 1529 1118 1594 incertum:
1135 1527 1277 1594 diffieili-

139 1654 247 1714 mum;
265 1642 298 1701 et
314 1637 484 1720 previdens
501 1636 682 1702 cavendum
707 1643 741 1702 et
765 1658 826 1721 pro
852 1636 974 1702 viribus
990 1637 1112 1702 totiens
1128 1637 1226 1718 suasi,
1242 1643 1278 1702 ut

139 1742 302 1808 nesciam:
329 1764 371 1808 an
397 1743 516 1826 odium,
548 1743 597 1810 vel
613 1744 754 1828 gratiam
771 1745 953 1828 meruerim,
983 1743 1101 1828 loquor
1131 1744 1192 1809 heo
1216 1765 1277 1810 eon

139 1846 264 1916 Vestra
289 1849 549 1935 Magnificentia,
573 1859 740 1936 tamquam
767 1873 840 1918 eum
866 1851 962 1917 corde
987 1873 1070 1935 meo,
1094 1873 1226 1935 rogans,
1241 1857 1278 1916 ut

139 1957 184 2022 ed
216 1959 304 2042 apud
335 1981 369 2026 se
399 1967 519 2044 teneat,
550 1968 583 2026 et
615 1983 674 2045 pro
700 1983 760 2028 sua
785 1962 972 2046 prudentia,
998 1959 1110 2045 qualia
1139 1961 1277 2026 suadere

141 2064 272 2147 debeat,
290 2067 464 2151 intelligat.

249 2173 411 2258 Ceterum,
428 2178 454 2242 si
471 2177 621 2243 diabolus
638 2200 702 2243 non
719 2177 858 2261 fregerit
874 2178 1037 2260 ordinata,
1052 2177 1174 2262 sciatis,
1187 2177 1276 2263 quod

138 2283 174 2348 in
190 2284 281 2349 brevi
297 2284 438 2350 audietis
455 2285 622 2350 mirabilia
638 2285 759 2370 aliqua,
775 2286 852 2350 huic
879 2287 993 2352 nuntio
1008 2286 1116 2369 retuli,
1132 2307 1193 2370 que
1210 2307 1275 2350 non

139 2399 217 2455 sunt
248 2392 507 2459 commendanda
538 2393 651 2476 literis,
682 2417 722 2460 ne
754 2396 782 2461 si
813 2395 1039 2478 perderentur,
1064 2395 1106 2460 ad
1131 2393 1275 2459 hostium

138 2519 255 2564 manus
271 2501 468 2567 devenirent.
485 2501 580 2570 Vidit
596 2509 629 2567 et
645 2504 716 2586 ipse
742 2503 843 2569 oeulis
870 2504 1012 2587 propriis
1037 2501 1162 2586 aliquid
1186 2502 1275 2586 prin·

137 2609 213 2692 eipi.
225 2609 360 2676 Summa
375 2633 487 2676 rerum
504 2612 661 2696 estquod
678 2615 747 2696 ipse
765 2613 837 2678 Rex
853 2611 1081 2678 ferventissimi
1099 2612 1275 2690 animast,

138 2723 173 2782 et
187 2717 261 2801 plns
277 2739 335 2784 sua
351 2720 525 2802 prudentia
541 2720 700 2803 conficiet,
717 2741 815 2803 quam
836 2720 933 2786 homo
951 2720 1053 2804 possit
1078 2720 1275 2800 existimare,

138 2824 217 2889 dum
246 2827 344 2892 modo
369 2849 433 2892 non
459 2833 637 2909 revocetur,
663 2829 720 2896 sed
746 2831 867 2910 scietis,
893 2829 1102 2912 quodetiam
1129 2827 1157 2891 si
1183 2833 1273 2892 totus

137 2933 280 2998 mundns
306 2941 424 3012 rueret,
450 2934 504 2999 hic
527 2933 684 3018 Prineeps
709 2957 773 3001 non
800 2945 850 3000 est
875 2942 1014 3019 paratus
1039 2935 1081 3000 ad
1105 2932 1274 3018 perdenda

135 3041 257 3124 Regna
272 3064 331 3108 sna
347 3065 406 3127 pro
422 3043 560 3109 aliorum
578 3043 784 3130 defensione3
810 3065 869 3108 nec
886 3044 969 3108 latet
989 3065 1078 3108 eum:
1097 3042 1216 3125 qualia,
1241 3049 1275 3107 et

134 3173 236 3234 quam
251 3150 417 3217 diabolica
433 3153 502 3218 eius
518 3158 648 3218 struent
664 3151 854 3218 adversarii.

246 3315 400 3376 (Velenezei
413 3316 612 3380 allamkunyv.)

626 3512 785 3522 a—-u-—a

670 3771 744 3832 200.

133 3929 234 3995 1475.
251 3928 359 3994 Gddor
393 3932 463 4016 equi
485 3929 614 4016 piispt‘k
641 3929 815 3996 Buduorio
842 3929 1019 4017 Sehoetydnt
1036 3955 1057 3993 o
1074 3926 1268 3997 oeleoczesek

276 4037 395 4102 kdvete't
412 4063 433 4102 a
448 4038 597 4124 helqrudi
613 4039 696 4104 tradi
712 4038 944 4124 eseme'nyekrdl
961 4037 1132 4122 tuddae‘tja.

243 4214 422 4299 Magnifice
439 4215 522 4284 Viro
539 4216 681 4283 Domino
701 4215 898 4282 Sebastiano
914 4214 1094 4294 Baduario,
1110 4213 1271 4280 Illustris-

132 4325 210 4389 simi
228 4322 374 4390 Dominii
392 4323 594 4390 Venetorum
621 4323 767 4406 Oretum,
791 4323 911 4390 Amico
937 4327 1050 4388 nostro
1070 4321 1270 4388 hanorando.

244 4449 424 4533 Magnifice
440 4451 511 4532 Vir,
528 4451 668 4516 Domine
693 4449 893 4516 honorande.
919 4449 1066 4515 Salutem
1086 4447 1269 4532 plurimam.

131 4558 278 4626 Reddite
294 4566 368 4624 sunt
385 4560 465 4624 mihi
481 4561 634 4626 hesterno
645 4561 770 4642 vesperi
787 4560 882 4624 litere
894 4555 1271 4640 VestreMagnifieentie
