3336 5258
664 343 758 407 1480.
1212 342 1278 408 415

137 525 255 586 natam
270 523 423 605 pertinet.
440 519 601 589 Volumus
628 523 729 605 igitur
756 528 787 588 et
812 521 874 588 tibi
900 521 1090 588 mandamus
1116 545 1187 588 cum
1205 542 1277 614 uos-

138 633 194 693 tro
222 626 369 695 Consilio
401 629 618 716 Rogatorum,
643 637 683 698 ut
714 636 837 715 quanto
869 630 1078 698 festinantius
1109 635 1210 714 poten,
1234 627 1277 694 ad

134 736 279 802 insulam
296 737 476 820 predictam
493 739 636 822 naviges,
652 737 696 804 ad
712 740 804 824 cujus
830 739 1127 823 propugnationem
1152 737 1276 821 reperi-

133 849 193 910 tur
213 846 262 910 vir
278 845 411 912 Nobilis
428 845 452 911 J
454 847 575 912 acobus
591 845 747 930 Venerio,
762 847 912 931 provisor
937 852 1048 912 noster
1074 845 1187 912 classis
1204 866 1277 912 cum

135 953 246 1020 tribus
263 975 304 1019 ex
314 954 479 1021 veteribus
496 954 685 1022 triremibus
701 957 834 1038 nostris,
846 962 880 1021 et
895 977 954 1022 nos
964 955 1040 1022 hinc
1056 954 1277 1039 expedivimus

136 1057 196 1144 Sp.
221 1063 358 1127 Mellum
384 1063 424 1127 de
450 1061 693 1129 Cortoriacum
719 1063 883 1148 peditibus
906 1067 972 1130 400
996 1071 1030 1129 et-
1056 1064 1139 1128 alias
1166 1083 1274 1127 sanius

136 1169 317 1236 deliberati
342 1170 448 1237 facere
474 1173 685 1257 provisiones,
702 1194 783 1257 quas
809 1173 912 1252 nosti;
938 1171 995 1238 sed
1024 1172 1051 1236 si
1064 1171 1138 1236 fieri
1153 1176 1273 1256 posset,

134 1284 175 1342 ut
193 1277 300 1344 lllaier
316 1279 398 1345 Blas
414 1281 462 1346 vel
479 1281 654 1348 desisteret
669 1281 710 1348 ab
726 1283 856 1366 incepto
872 1282 924 1347 vel
948 1281 1065 1346 saltem
1082 1279 1271 1364 impresiam

135 1387 360 1470 suspenderet,
378 1387 483 1454 donec
498 1391 531 1456 in
541 1391 749 1474 Huugariam
760 1391 895 1456 accedat
905 1387 1028 1456 Orator
1044 1393 1155 1454 noster
1171 1386 1276 1468 desig·

133 1500 233 1558 natus
249 1501 281 1559 et
296 1495 491 1562 festinanter
507 1520 707 1566 accessurus:
725 1500 760 1564 id
776 1497 868 1563 nobis
880 1497 1102 1582 gratissimum
1120 1494 1223 1575 foret3
1239 1501 1273 1560 et

135 1609 311 1686 propterea
336 1609 373 1669 tu
399 1625 470 1670 cum
488 1605 627 1688 Vegium
652 1608 825 1691 appuleris,
842 1607 1007 1671 volumus:
1025 1610 1062 1669 ut
1077 1609 1183 1670 tentes
1200 1623 1273 1668 con·

134 1717 230 1775 sueta
245 1717 303 1777 tua
319 1711 517 1779 dexteritate
535 1721 569 1779 et
584 1714 762 1798 prudentia
788 1712 1000 1780 conveniendi
1026 1719 1060 1778 et
1083 1710 1271 1777 conserendi

136 1840 210 1884 cum
230 1819 379 1902 predicto
395 1821 504 1887 Maier
519 1821 602 1887 Bias
628 1824 694 1888 sive
719 1845 777 1908 per
804 1822 1048 1900 internuntium,
1065 1820 1120 1904 qui
1137 1841 1157 1885 a
1173 1825 1205 1884 te
1230 1819 1272 1894 ad

135 1926 231 1992 illum
256 1928 356 1994 vadat
381 1935 414 1994 et
438 1937 640 2010 revertatur;
667 1931 733 1996 sive
760 1931 786 1997 si
813 1953 886 1996 eum
902 1950 1014 2014 posses
1040 1926 1101 1994 sub
1125 1933 1184 1992 tua
1208 1925 1273 1992 fide

135 2045 360 2104 assecuratum
387 2041 528 2125 trahere,
544 2049 581 2108 ut
605 2043 637 2106 in
664 2043 831 2108 triremem
856 2039 898 2106 ad
923 2046 955 2105 te
981 2039 1101 2120 veniat,
1117 2037 1167 2102 vel
1193 2057 1271 2120 quo-

135 2167 264 2230 cunque
280 2147 346 2213 alio
363 2148 460 2213 modo
476 2150 589 2232 possis,
607 2131 697 2214 salva
713 2171 839 2233 semper
856 2147 1016 2232 dignitate
1032 2145 1095 2212 loci
1115 2152 1147 2210 et
1162 2165 1273 2210 mune·

134 2255 181 2319 ris
198 2257 265 2338 tui3
282 2263 315 2320 et
330 2257 424 2323 bonis
441 2257 589 2324 dulcibus
607 2265 640 2323 et
656 2257 883 2324 amicabilibus
899 2255 1004 2322 verbis
1020 2253 1153 2320 declara
1178 2251 1270 2341 desy-

135 2363 263 2432 derium
280 2372 313 2432 et
330 2367 473 2432 studium
490 2372 638 2433 nostrum
655 2366 874 2433 conservande
891 2388 962 2432 cum
973 2363 1082 2447 Regia
1092 2362 1271 2446 Majestate

134 2475 257 2538 veteris
273 2474 415 2540 amicitie
431 2481 554 2556 nostre,
570 2482 602 2542 et
619 2475 762 2560 ejusdem
778 2475 919 2541 amicitie
938 2492 1106 2538 comunem
1132 2471 1270 2536 necessi-

133 2587 237 2648 tatem
254 2587 287 2648 et
304 2585 439 2663 comoda
455 2592 554 2670 atque
574 2583 742 2668 beneficia,
768 2604 830 2668 que
857 2585 900 2652 ad
925 2605 963 2649 ea
988 2582 1136 2666 utrisque
1161 2600 1271 2664 prove·

134 2711 223 2774 nere,
240 2699 340 2778 tange
367 2700 400 2759 et
425 2695 568 2760 breviter
585 2695 730 2778 explica;
755 2700 870 2778 postea
901 2691 1062 2776 subjunge
1079 2694 1112 2753 et
1139 2686 1271 2753 declara

132 2806 282 2866 nostrum
299 2801 488 2868 Dominium
506 2805 539 2868 in
557 2804 616 2868 illa
631 2803 738 2868 insula
763 2802 921 2867 directum
948 2807 980 2864 et
1007 2795 1271 2878 antiquissimum

132 2907 256 2975 habere
278 2913 342 2996 jus,
358 2913 445 2995 quod
469 2918 669 2997 compertum
695 2916 841 2977 tenemus
864 2908 1005 2993 Regiam
1023 2903 1270 2972 Sublimitatem

133 3018 220 3083 nolle
245 3039 348 3102 neque
374 3020 526 3100 minuere,
549 3042 654 3106 neque
679 3019 798 3085 ledere.
823 3019 869 3083 Et
893 3016 1026 3083 tandem
1051 3034 1141 3098 roga,
1164 3018 1202 3078 ut
1228 3012 1270 3078 ab

128 3127 353 3212 ¹oppugnanda
378 3129 458 3194 urbe
485 3151 518 3194 se
544 3130 717 3212 abstineat,
734 3129 837 3194 donec
854 3127 985 3205 Orator,
1003 3144 1101 3206 qnem
1127 3143 1144 3186 e
1174 3121 1271 3185 vesti-

134 3237 189 3319 gia
214 3259 325 3303 sumus
350 3239 533 3323 expedituri
558 3239 601 3304 ad
617 3238 758 3322 Regiam
775 3234 1031 3316 Sublimitatem,
1055 3253 1089 3296 se
1114 3227 1271 3310 conferat,

132 3368 194 3430 per
211 3349 302 3433 cujus
318 3347 460 3412 medium
484 3369 547 3412 nou
574 3346 763 3413 dubitamus
790 3345 898 3410 omnia
923 3364 995 3408 oum
1020 3360 1102 3425 pace
1126 3347 1158 3404 et
1181 3343 1270 3405 tran-

134 3454 299 3537 quillitate
331 3457 543 3541 compositum
575 3457 624 3520 iri.
651 3455 687 3522 Si
717 3453 920 3538 persuaseris
951 3457 984 3516 et
1001 3447 1198 3514 obtinueris:
1234 3451 1271 3508 tu

133 3585 264 3647 quoque
279 3565 338 3647 fac,
355 3572 392 3631 ut
406 3566 536 3649 penitas
552 3569 695 3630 cessetur
711 3564 753 3628 ab
770 3561 857 3660 omini
873 3559 1029 3638 novitate,
1044 3561 1077 3620 et
1093 3556 1125 3620 iu
1143 3575 1268 3619 omnem

133 3681 282 3741 mentum
308 3676 444 3758 solicita,
470 3681 507 3740 ut
534 3673 698 3740 Antonius
725 3672 905 3740 Vincivera
930 3664 1133 3732 Secretarius
1158 3666 1270 3726 noster

133 3787 197 3852 iter
220 3791 442 3870 prosequatur
458 3805 553 3850 suum
577 3785 611 3850 in
627 3782 844 3864 Hungariam,
862 3779 946 3844 sicut
971 3771 1220 3858 imperavimus;
1237 3772 1270 3832 et

134 3901 171 3960 tu
188 3895 319 3960 interim
336 3893 484 3980 reparari
502 3898 534 3958 et
550 3889 722 3957 fortificari
745 3889 848 3955 facias
873 3885 987 3952 urbem
1012 3885 1049 3946 in
1073 3879 1212 3946 circuitu
1236 3883 1270 3940 et

134 4002 253 4068 muniri
268 4001 465 4068 victualibus
482 4008 515 4068 et
532 4020 724 4084 quocunque
741 3994 924 4064 necessario
950 3987 1104 4076 presidio,
1121 3993 1157 4051 ut
1183 3981 1271 4050 sulfi—

133 4111 220 4177 ciens
238 4112 281 4176 sit
298 4111 341 4176 ad
357 4131 583 4194 quemcunque
593 4107 814 4174 sustinendum
824 4106 991 4188 impetum,
1007 4099 1034 4162 si
1054 4093 1270 4180 opportuerit,

133 4227 168 4286 et
184 4221 285 4285 etiam
310 4219 471 4303 prospice,
486 4240 526 4284 ne
554 4239 635 4283 nove
652 4217 751 4300 copie,
776 4233 922 4296 noveque
947 4206 1097 4274 machine
1113 4225 1152 4269 ox
1169 4202 1270 4267 couti-

134 4331 224 4395 nenti
241 4333 275 4395 in
291 4329 431 4396 insulam
451 4334 668 4412 reportentur.

241 4439 276 4506 Si
293 4460 369 4504 vero
386 4437 474 4504 facta
490 4459 549 4521 per
566 4443 598 4502 te
615 4435 702 4502 omni
718 4431 875 4499 instantio
891 4433 925 4494 et
942 4425 1121 4502 declarata,
1138 4427 1174 4486 ut
1190 4420 1269 4484 dixi-

133 4569 214 4630 mus,
232 4547 336 4614 eidem
352 4547 462 4613 Maier
478 4545 560 4612 Blae
587 4545 712 4628 optima
737 4547 850 4606 nostra
874 4536 1064 4614 intentione,
1080 4533 1147 4615 ipse
1164 4529 1213 4594 vel
1237 4535 1271 4592 te
