3356 5266
686 756 738 815 81.

142 932 248 994 1469.
277 927 304 991 A
336 931 486 994 relcuczcs'
510 931 731 996 (illumiaadcs
757 929 917 994 Ceruario
948 931 1087 993 Ferencz
1113 929 1281 992 bovereces·

147 1040 305 1102 retusitrist
321 1040 375 1120 ud,
391 1040 473 1126 dopy
490 1063 510 1102 a
525 1043 632 1124 pripdt
648 1063 668 1103 a
687 1038 778 1102 torol:
789 1038 1027 1120 elllnyomulcisa
1038 1033 1172 1120 folyldrr
1189 1037 1280 1100 azilla-

355 1148 452 1234 stqelt
468 1147 723 1212 ictdzkede'sekre
739 1147 916 1232 stirprlb'lep
927 1144 1080 1230 selbivjo.

144 1340 492 1412 MCOCOLXVHII.
508 1341 559 1408 die
575 1340 637 1410 VI.
657 1341 752 1425 Julij.

253 1449 366 1516 Nobili
384 1451 467 1518 Viro
486 1451 639 1534 Philippo
656 1450 819 1532 Corrario,
837 1447 972 1517 Oratori
989 1455 1101 1515 nostro
1118 1449 1206 1534 apud
1216 1448 1273 1514 Se·

147 1559 356 1624 renissimum
372 1559 548 1626 Dominum
564 1559 688 1642 Regem
705 1558 961 1624 Fordinandunr.

263 1717 270 1732 .
302 1717 309 1732 .
339 1720 346 1733 .
376 1716 382 1730 .
408 1667 486 1733 Post
511 1667 572 1734 hec
598 1666 688 1733 dicas
713 1667 890 1734 Beatudini
918 1665 984 1732 Sue
1010 1665 1195 1732 notificasse
1220 1675 1278 1732 rios

150 1775 266 1840 diebus
284 1775 507 1858 superioribus
523 1797 571 1859 ea,
589 1798 649 1860 que
666 1776 847 1859 habuimus
863 1775 904 1840 de
929 1775 1073 1842 adventu
1100 1773 1280 1840 Turcorum

150 1885 194 1949 ad
209 1884 290 1950 fines
304 1906 408 1969 usque
424 1885 524 1952 Italic
541 1892 575 1952 et
591 1886 631 1951 de
646 1884 756 1970 predis
773 1885 901 1952 abactis
926 1891 959 1950 et
983 1884 1108 1950 ditione
1134 1881 1280 1949 Serenis-

151 1993 226 2058 simi
242 1991 380 2058 Domini
395 1992 620 2078 Imperatoris,
638 1994 820 2077 ceterisque
835 1991 985 2058 cladibus
1011 1991 1209 2058 Christianis
1235 1993 1282 2055 in-

151 2098 258 2166 flictis.
283 2099 408 2168 Postea
432 2100 533 2168 'Purci
558 2099 661 2187 preda
686 2103 794 2168 onusti
819 2121 930 2166 versus
945 2099 1118 2166 Bossinam
1135 2121 1170 2166 se
1186 2099 1281 2164 redu-

151 2228 237 2294 xere,
261 2216 299 2275 ut
322 2209 398 2275 inde
423 2211 588 2294 ingentem
614 2233 785 2278 numerum
821 2210 1074 2276 christianarum
1100 2209 1282 2274 animarum

151 2317 255 2380 tutius
287 2317 452 2385 abducant
482 2327 514 2385 et
547 2318 774 2403 expeditiores,
809 2325 845 2384 ut
880 2318 1011 2402 publica
1047 2317 1135 2382 fama
1161 2322 1220 2398 est,
1251 2322 1284 2380 et

152 2424 333 2490 certissime
359 2427 512 2508 creditur,
538 2427 644 2492 redire
670 2432 704 2492 et
729 2427 869 2492 ulterius
894 2426 1049 2511 progredi
1074 2425 1217 2509 possint:
1243 2426 1285 2488 ic·

155 2533 241 2598 circo
259 2533 458 2618 supplicabis
474 2535 578 2602 cidem
594 2535 813 2619 Beatitudini,
829 2542 863 2600 ut
881 2535 1007 2601 validas
1023 2541 1136 2599 contra
1153 2535 1212 2598 hec
1227 2555 1280 2616 pe·

166 2640 273 2707 ricula
288 2642 488 2726 provisiones
504 2643 614 2710 lacere
631 2643 795 2727 dignetur.

263 2749 367 2835 (Ezen
392 2751 569 2837 Napolyba
594 2752 725 2818 knldott
750 2752 846 2818 klivet
871 2751 1002 2818 Roman
1028 2751 1094 2817 volt
1121 2747 1284 2816 keresztttl

158 2859 321 2924 menendi)
338 2867 373 2946 es
389 2881 423 2924 ez
440 2859 543 2926 okbcl
559 2861 626 2927 volt
642 2883 662 2926 a
678 2860 826 2945 papahoz
844 2859 979 2926 intonett
989 2859 1083 2926 lieres
1094 2867 1152 2924 rea
1167 2857 1284 2942 birra).

263 3023 418 3084 (Velenczei
432 3025 611 3090 allamkdnyv
625 3030 658 3075 30
672 3025 703 3086 l.)

642 3203 802 3213 -—---—-

696 3444 749 3507 82.

158 3621 255 3684 1469.
273 3624 302 3683 A
319 3619 472 3682 velenczer'
487 3619 706 3684 (illumianrics
723 3619 814 3684 lcocle
837 3645 859 3682 a
886 3619 993 3684 rdrncc‘
1014 3623 1164 3708 pdpdboz
1189 3649 1210 3688 a
1237 3622 1290 3690 ko.

153 3731 241 3814 zelpd
264 3729 356 3791 rtrdk
382 3728 464 3792 ellat
482 3728 651 3816 scuyeprlll
676 3729 886 3815 veszdlyclrrdl
913 3731 944 3792 ris
971 3730 1066 3795 ellone
1084 3743 1137 3796 lert
1153 3733 1289 3797 intc'zlrc·

635 3839 819 3906 keda'sekrdl

266 4017 402 4082 Summo
421 4017 579 4083 Pontifici.

266 4125 313 4190 Ut
329 4125 584 4210 respondeamus
599 4125 727 4192 duobus
744 4125 895 4193 brevibus
912 4126 945 4192 S.
956 4125 1084 4207 Vestro,
1098 4148 1160 4210 qne
1176 4125 1291 4191 eodem

156 4239 303 4316 tempore
319 4233 416 4298 solita
432 4239 544 4298 nostra
561 4234 770 4299 veneratione
781 4235 972 4316 accepimus,
983 4234 1124 4299 letamur
1139 4235 1290 4314 maxime,

157 4341 382 4423 habemusqne
399 4342 574 4424 plurimam
593 4341 747 4424 gratiam,
772 4341 911 4405 officinm
937 4348 1095 4422 nostrum,
1112 4342 1287 4424 majorum·

158 4469 223 4530 que
240 4455 429 4514 nostrorum
445 4451 490 4514 sic
506 4451 656 4514 extitisse
673 4449 835 4532 continue,
852 4457 888 4514 ut
904 4448 1178 4531 quemadmodum
1204 4449 1288 4515 Bea-

163 4555 273 4622 titudo
305 4554 431 4626 Vestra
470 4563 639 4639 memorat,
666 4556 919 4624 benivolentiam
958 4565 992 4623 et
1022 4559 1164 4640 gratiam
1194 4559 1292 4624 istius
