3356 5266
376 303 418 378 82
741 323 974 379 omnounaamr
990 309 1159 378 suabsna.

381 488 489 556 Boldu
505 489 711 574 designatum
728 485 890 560 Oomitem
907 500 938 557 ot
956 489 1176 576 Capitaneum
1202 499 1351 558 nostrum
1369 471 1514 572 Samari,

376 601 418 665 ad
433 606 561 684 portam
577 599 685 682 Turni,
700 600 815 668 habita
831 603 921 686 prius
938 602 1000 666 fide
1026 602 1168 685 publica,
1186 601 1240 685 qui
1267 600 1399 684 quidem
1428 600 1516 664 Leo-

375 710 496 774 nardus
512 707 590 774 licet
605 711 802 776 constitutus
819 711 862 776 ad
878 697 1075 793 presentiam
1091 710 1189 776 'Porci
1206 711 1328 794 egisset
1364 709 1404 773 de
1433 709 1512 790 ipsis

375 816 510 900 indutijs
521 817 707 902 optinenciis
718 841 777 902 pro
789 817 966 902 Majestate
976 818 1084 902 Regia
1095 825 1125 883 et
1137 817 1343 900 nobis,sicuti
1355 817 1509 882 continue

374 923 517 1008 lecimus,
543 935 652 990 tamon
674 931 747 1010 post
771 925 897 1009 aliquot
922 925 1000 1006 dies,
1023 929 1216 1010 persistente
1234 925 1343 992 'Purco
1360 926 1394 989 in
1411 923 1513 990 solita

373 1054 434 1098 sua
458 1033 638 1117 pertinacia
654 1041 751 1118 atque
768 1033 951 1116 insolentia,
966 1055 1027 1116 pro
1044 1056 1091 1116 co,
1109 1034 1195 1118 quod
1213 1032 1373 1116 querebat
1394 1032 1505 1116 aliqua

374 1147 492 1206 contra
516 1141 723 1206 securitatem
748 1141 927 1225 reipublice
953 1142 1141 1224 christiane,
1167 1141 1260 1225 abijt,
1287 1147 1320 1204 et
1336 1139 1379 1204 ad
1395 1145 1507 1222 pretu-

374 1271 444 1316 ram
471 1271 564 1315 suam
590 1248 818 1316 Scutarensem
844 1271 879 1314 se
905 1251 1046 1315 contulit
1071 1273 1105 1315 re
1124 1250 1252 1315 infecta.
1281 1248 1332 1312 De
1357 1269 1423 1330 qua
1440 1249 1511 1330 qui·

377 1357 450 1424 dem
474 1380 509 1423 re
535 1360 682 1424 volumus
708 1365 741 1423 et
768 1381 840 1422 oum
857 1364 967 1424 nostro
985 1358 1130 1424 Consilio
1149 1359 1355 1441 Rogatornm
1371 1355 1506 1422 manda·

374 1485 445 1530 mus
462 1465 563 1545 vobis,
580 1474 616 1531 ut
633 1467 781 1530 notitiam
800 1465 877 1530 dare
895 1466 1042 1530 debeatis
1059 1466 1231 1549 Majestati
1259 1466 1371 1548 Regio,
1388 1487 1445 1529 nec
1463 1465 1506 1531 ri-

374 1573 468 1639 detur
484 1575 577 1639 nobis
594 1575 683 1639 aliud
700 1573 871 1638 dicendum
890 1596 967 1654 esse,
985 1595 1084 1656 quam
1100 1580 1137 1637 ut
1162 1571 1353 1637 attendatur
1371 1579 1403 1636 et
1420 1572 1509 1638 solli-

375 1685 494 1747 citetur
520 1685 628 1747 exitus
653 1685 806 1766 practice,
831 1705 894 1765 que
925 1683 1021 1747 istinc
1044 1688 1140 1765 cepta
1157 1688 1215 1746 est.
1242 1681 1288 1744 Et
1304 1681 1352 1745 ita
1369 1679 1508 1745 instabis

375 1790 463 1873 apud
479 1789 619 1874 Regiam
636 1791 854 1874 blnjestatem
873 1798 909 1855 ut
927 1789 1059 1856 insimul
1075 1810 1133 1874 pro
1151 1789 1219 1854 Sua
1236 1789 1340 1872 Regia
1366 1787 1509 1852 Oelsitu-

376 1898 450 1964 dine
467 1904 499 1962 et
516 1899 610 1964 nobis
627 1899 816 1963 deveniatis·
832 1898 875 1962 ad
892 1898 989 1963 finem
1005 1898 1166 1963 dictarum
1192 1897 1416 1978 indutiarum
1439 1917 1507 1960 non

375 2006 461 2070 enim
477 2005 674 2086 dubitamus,
691 2008 768 2089 quin
784 2008 1068 2089 impresentiarum
1086 2007 1155 2089 ipse
1173 2004 1299 2071 Turnus
1316 2011 1410 2070 tanto
1428 2004 1508 2070 faoi·

374 2113 498 2195 liorem,
514 2121 547 2179 et
564 2115 797 2198 promptiorem
814 2135 846 2178 se
864 2114 1017 2180 exhibeat
1041 2115 1083 2180 ad
1101 2115 1184 2181 hanc
1199 2136 1277 2194 rem,
1297 2121 1422 2196 quanto
1438 2115 1508 2197 opi-

374 2221 471 2286 nione
487 2243 546 2287 sua
563 2223 698 2287 celerius
715 2223 876 2306 intelliget
894 2245 1008 2306 pacem
1024 2226 1156 2290 omnino
1168 2224 1354 2290 conclusam
1371 2245 1439 2288 esse
1458 2225 1506 2286 in-

374 2337 424 2394 ter
450 2351 509 2395 uos
534 2337 566 2394 et
591 2337 781 2414 potentatus
807 2329 913 2411 Italic,
941 2331 1080 2396 sublatis
1104 2333 1250 2398 omnibns
1267 2333 1505 2417 suspitionibus

373 2437 452 2503 belli
468 2437 595 2520 Italici,
613 2459 675 2520 que
691 2460 743 2502 res
759 2439 937 2504 arixiliante
954 2438 1025 2504 Deo
1042 2448 1157 2506 secuta
1173 2448 1223 2506 est
1239 2441 1352 2520 Rome,
1368 2447 1401 2506 et
1426 2463 1503 2524 pro-

374 2547 526 2612 nunciata
543 2570 607 2630 pax
623 2569 681 2630 per
699 2547 946 2613 Beatitudinem
964 2547 1086 2614 Summi
1113 2548 1281 2616 Pontificis
1308 2550 1359 2614 die
1385 2548 1504 2618 XXV.

373 2653 502 2738 Aprilis
529 2657 684 2740 proxime,
711 2657 771 2721 hoc
799 2663 846 2721 cst
875 2657 925 2721 die
942 2657 1025 2724 festo
1053 2658 1166 2726 Sancti
1181 2660 1289 2725 Marci
1306 2659 1504 2743 evangeliste

372 2767 567 2846 protectoris
584 2765 695 2845 nostri,
713 2765 910 2831 Oratoribus
926 2767 1068 2831 omnium
1085 2774 1315 2850 potentatuum
1331 2789 1371 2833 ac
1382 2769 1502 2832 nostris

370 2873 655 2939 intervenientibus
671 2879 769 2955 atque
785 2874 1077 2954 consentientibus3
1094 2877 1186 2960 cujus
1211 2875 1342 2959 quidem
1364 2875 1503 2959 optatis-

373 2981 445 3048 simi
462 2977 577 3066 Nuntij
594 2981 773 3065 paticipere
790 2981 917 3047 facietis
933 2981 1074 3065 Regiam
1090 2982 1308 3066 Majestatem.

482 3141 958 3225 †144-5-o.

478 3323 634 3383 (Velenczei
647 3326 826 3391 tilamktnyv
842 3329 901 3376 108.
915 3329 944 3387 l.)
