3336 5258
667 358 760 420 1478.
1217 365 1281 425 375

24 519 25 574 ]
150 533 376 598 declararetur
402 535 522 598 veritas
549 556 741 618 progressus
765 557 873 600 rerum
893 539 1044 602 omnium.
1062 540 1104 603 Et
1120 540 1281 622 iutellige-

150 645 200 704 ret
215 640 249 705 in
266 641 468 724 principibus
494 643 615 708 nostris
640 665 703 708 non
730 665 801 708 esse
820 646 950 728 culpam
969 646 1121 730 aliquam,
1138 648 1280 714 Domino

149 747 329 814 Francisco
362 757 471 814 eutem
496 749 647 815 Fontene
672 751 811 818 Oratori
843 755 885 820 ab
916 755 1029 818 eodem
1055 755 1149 838 Rege
1180 757 1279 822 misso

149 853 321 938 Neapolim
348 879 412 922 non
438 857 495 922 det
519 861 710 942 exemplum,
735 861 791 925 sed
816 861 884 944 ipse
900 862 1006 927 1)-333
1022 863 1231 929 Justinianus
1252 865 1281 930 ei

149 964 334 1028 summatim
351 986 410 1047 per
426 985 501 1029 suas
517 965 630 1031 literas
656 967 839 1051 hujusmodi
864 971 1104 1054 responsionem
1129 972 1281 1056 notificet,

149 1091 189 1134 33
204 1091 263 1152 per
281 1093 328 1150 ee,
344 1093 406 1155 que
422 1079 599 1138 narrantur
617 1076 650 1138 in
678 1098 717 1140 ea
736 1077 910 1142 secundum
931 1079 1111 1160 veri'etem,
1130 1102 1194 1162 que
1211 1103 1280 1162 per·

149 1197 225 1258 sepe
242 1179 351 1243 odium
372 1189 500 1264 perant,
523 1182 727 1247 disturbetur
744 1205 817 1266 pax,
833 1185 874 1249 ad
892 1207 990 1268 quam
1016 1185 1170 1252 hortatur
1185 1187 1282 1253 Prin·

20 1357 21 1360 Ἴ
148 1285 237 1366 elpes
253 1293 380 1351 nostros
396 1288 543 1371 prelatus
566 1289 638 1354 Rex
657 1290 836 1373 Hungarie.
863 1291 972 1357 Tener
987 1295 1206 1376 responsionis
1223 1302 1282 1376 est,

148 1391 310 1460 videlicet.
327 1393 382 1479 (V.
398 1407 480 1464 113333
496 1425 517 1464 3
534 1401 798 1466 113311331333133
815 1399 950 1486 alattit.)

638 1598 796 1606 ——.—-

680 1830 753 1892 259.

151 2030 246 2106 1478,
264 2026 292 2088 A
309 2027 446 2090 mildeo'i
464 2027 629 2108 lzerezepek
655 2027 851 2112 terjedelmes
866 2028 1000 2092 edlaezc
1017 2028 1280 2096 0333111133-

145 2135 261 2197 rietur
280 2135 548 2220 mupycrorsza'yi
563 2134 716 2204 letivetleez,
741 2158 762 2197 a
789 2156 924 2219 rrraqyur
939 2135 1120 2222 kirdlynak
1137 2161 1176 2201 az
1191 2139 1280 2202 31333

377 2241 446 2327 1193
464 2241 544 2305 clleo
561 2242 650 2305 rmelt
664 2241 830 2326 pancezoi
846 2243 1038 2329 mrqpotan.

260 2440 355 2502 1478.
378 2440 429 2502 18.
444 2434 637 2502 Novembre.

257 2563 437 2648 Responsio
454 2561 717 2628 Illustrissimum
733 2563 861 2629 Ducum
878 2562 1058 2630 Mediolani
1075 2566 1117 2630 ed
1133 2567 1283 2648 exposita

145 2697 205 2759 per
223 2671 436 2755 Magnificum
460 2669 637 2736 Dominum
653 2671 879 2736 Justinienum
896 2670 1091 2737 Cavitellum
1108 2671 1283 2738 Oratorem

146 2782 357 2850 Serenissimi
374 2778 475 2862 Regis
493 2777 674 2860 Hungarie.

257 2905 435 2990 Magnifice
453 2905 578 2969 Messer
592 2902 792 2968 Justinicno.
818 2902 919 2970 Oomo
945 2905 988 2970 ad
1013 2907 1120 2989 questi
1147 2906 1180 2970 di
1197 2907 1231 2970 in
1247 2908 1280 2972 13

144 3019 255 3101 prime
272 3012 457 3079 visitatione
474 3017 507 3076 31
527 3011 737 3094 expositione,
762 3010 821 3076 che
847 3034 882 3077 ce
908 3014 1025 3078 fecesti
1049 3016 1082 3078 in
1108 3035 1202 3079 nome
1227 3015 1281 3079 del

146 3124 364 3191 Screnissimo
382 3121 505 3188 Vostro
522 3120 571 3185 Re
589 3120 629 3185 de
645 3121 831 3203 Hungaria,
846 3121 1051 3187 brevemente
1078 3129 1111 3187 et
1136 3124 1169 3187 in
1187 3144 1283 3205 gene-

145 3235 218 3298 rale
249 3253 286 3296 ve
317 3229 505 3297 dicessimo:
533 3229 616 3293 cossi
642 3228 686 3293 da
711 3250 793 3294 novo
818 3250 856 3293 ve
883 3231 1070 3312 replicemo,
1095 3229 1154 3296 che
1179 3230 1279 3296 molto

145 3340 329 3406 rolontiera
354 3339 385 3402 ri
411 3337 546 3402 heremo
563 3338 647 3401 visto
674 3343 707 3401 et
732 3337 845 3402 olduto
872 3337 899 3404 si
926 3360 984 3420 per
1001 3339 1139 3421 rispecto
1157 3339 1197 3403 dc
1214 3337 1282 3404 Sua

145 3451 289 3532 Maesta,
314 3447 369 3512 313
395 3447 493 3529 quale
520 3445 621 3509 siumo
647 3443 940 3510 allectionetissimi
970 3467 1029 3528 per
1059 3445 1093 3510 la
1116 3446 1282 3528 singulare

146 3556 295 3622 amicitia
318 3561 352 3619 31
374 3552 601 3619 benevolentia
627 3575 755 3636 sempre
776 3559 915 3636 provata
938 3560 1079 3619 1333333
1097 3553 1283 3618 etliIllus·

145 3662 624 3730 131333313111333113311331331
642 3659 774 3744 Signori
799 3661 895 3726 Duc-a
911 3662 1098 3726 Frencesco
1125 3669 1158 3726 et
1185 3661 1282 3726 Duce

145 3773 272 3838 Galeaz
298 3771 373 3835 miei
393 3769 602 3852 progenitori,
628 3769 656 3832 si
678 3768 777 3833 ctiam
803 3789 862 3852 per
879 3767 911 3833 13
934 3789 1075 3851 persona
1094 3767 1223 3850 Vestra,
1250 3769 1281 3832 el

145 3881 245 3963 quale
261 3900 391 3944 umamo
412 3877 555 3943 debono
573 3897 648 3943 core
665 3897 723 3959 per
739 3877 774 3942 13
788 3897 847 3942 333
871 3876 964 3956 virtu,
981 3883 1013 3942 et
1028 3898 1087 3960 per
1103 3897 1190 3940 esser
1211 3895 1282 3940 333-

145 3991 235 4054 ciuto
252 3989 367 4052 nostro
385 3984 526 4050 subdito.
554 3983 599 4048 Al
626 3981 817 4050 Ambexata
844 3989 875 4048 31
900 3984 1130 4067 propositione,
1155 3981 1281 4047 cheud

144 4117 240 4163 nome
257 4094 297 4159 de
313 4093 445 4177 prefato
464 4093 513 4158 Re
530 4113 569 4156 33
585 4091 706 4158 1333313
722 4113 781 4175 per
807 4111 894 4156 esser
921 4091 973 4156 del
999 4111 1076 4174 peso
1102 4095 1279 4170 31331333,

145 4204 217 4271 chel
234 4223 251 4266 e
267 4208 299 4266 et
315 4223 374 4286 per
390 4201 410 4266 l’
421 4201 507 4266 altre
524 4201 715 4282 gravissime
740 4199 962 4283 occupatione,
979 4197 1039 4263 che
1061 4195 1224 4279 quottidie
1240 4217 1281 4260 33

145 4331 322 4378 occorrono
333 4333 391 4394 per
410 4309 504 4392 colpe
520 4313 553 4373 ct
569 4307 811 4390 ingratitudine,
823 4305 862 4370 de
873 4305 932 4369 ohe
942 4305 1195 4370 indebitemente
1206 4323 1277 4387 per-

144 4419 292 4486 turbela
308 4419 421 4501 quieta
439 4422 554 4482 333133
570 4421 603 4479 31
619 4437 698 4498 pace
713 4415 826 4481 italica
843 4435 907 4478 333
924 4414 1059 4479 heromo
1083 4413 1200 4497 prime,
1217 4411 1278 4477 che

144 4534 178 4597 31
194 4533 345 4613 presente
361 4531 493 4610 possuto
510 4525 579 4589 1333
604 4523 861 4607 1·isposta,como
879 4543 936 4588 333
962 4529 1074 4587 nostro
1093 4520 1273 4601 desiderio,
