3340 5260
708 761 779 825 114.

171 954 269 1018 1470.
287 951 315 1016 Α
334 956 486 1020 velenczci
502 958 721 1024 dllamtoadcs
737 960 869 1024 odlasza
888 962 1002 1028 Emmo
1018 965 1122 1030 Jonas
1148 989 1298 1054 mappar-

168 1063 299 1150 orszc'pi
314 1063 485 1148 leduetdlzez,
498 1067 638 1150 nielyhea
654 1093 676 1130 a
692 1070 779 1132 torvos
791 1069 886 1132 ellani
896 1072 1031 1137 labarit
1049 1075 1302 1160 lcnpsrtlyozaa,

168 1172 300 1236 socchot
311 1172 431 1258 azenpi
439 1174 559 1259 profclo
569 1177 710 1261 itqye‘nelo
726 1176 907 1260 partoldsdt
924 1179 1069 1265 ajdnlja,
1087 1205 1103 1244 a
1120 1184 1212 1268 adpre
1227 1195 1303 1248 eset-

168 1279 220 1365 lep
248 1280 378 1365 tllcttyo'e
402 1281 516 1368 leirdly
540 1285 778 1370 tdzcssdya'tca
804 1282 862 1368 (ha
889 1310 921 1349 cz
937 1312 959 1351 c
976 1294 1107 1354 csrtsac'r
1124 1290 1297 1377 lcdnpdool

260 1391 508 1474 meptdrtc'nadlo)
525 1393 1050 1480 :recreasse-ildebaletetlcijoleotai
1065 1399 1212 1484 kiodnjo.

170 1599 654 1674 uoooonxxmevrm.
671 1606 799 1692 Martij.

279 1709 340 1778 Ser
355 1712 381 1780 J
382 1713 479 1778 oanni
496 1711 604 1798 Aymo
620 1715 728 1798 militi,
744 1713 880 1782 Oratori
905 1725 1018 1785 nostro
1042 1721 1130 1805 apud
1156 1722 1302 1790 Sereuis·

171 1824 286 1888 simum
304 1823 481 1889 Dominum
498 1823 622 1906 Regem
641 1823 824 1908 Hungarie.

170 1930 344 2015 Sapientes
361 1932 498 2018 Consilij
669 1933 799 2000 Vestris
816 1933 921 1999 literis
938 1957 977 2000 ex
995 1935 1104 2004 Viena
1121 1938 1207 2004 datis
1233 1939 1300 2006 die·

170 2039 345 2123 Sapientes
361 2046 383 2106 t.
401 2041 420 2106 s.
603 2040 663 2106 bus
690 2040 851 2108 XVIIII.
877 2048 910 2107 et
935 2041 1038 2108 XXI.
1055 2047 1175 2110 mensis
1196 2048 1299 2131 elapsi

169 2149 323 2214 distincte
348 2149 574 2233 intelleximus,
600 2171 792 2233 quecunque
818 2152 969 2217 scribitis.
995 2152 1041 2217 Et
1066 2155 1229 2236 quomodo
1256 2156 1299 2221 ad

169 2257 307 2323 istarum
323 2259 540 2342 receptionem
560 2257 667 2342 Regia
692 2258 856 2342 Majestas
882 2259 924 2326 ab
952 2262 1172 2345 Imperatoria
1197 2261 1301 2328 Celsi·

169 2366 282 2432 tudine
318 2367 387 2451 jam
428 2367 640 2449 discesserat,
670 2367 760 2432 aliud
791 2368 997 2434 scribendum
1038 2371 1128 2436 circa
1167 2373 1300 2455 negotia

170 2473 361 2555 Turcomm,
387 2475 430 2540 ad
456 2479 628 2560 utramque
654 2497 766 2541 eorum
792 2476 1028 2559 pertinentiam,
1055 2499 1120 2542 non
1136 2478 1299 2545 existima·

169 2603 249 2664 mus,
266 2587 299 2646 et
314 2583 414 2648 etiam
430 2583 592 2667 quomodo
618 2581 833 2652 sufficientem
860 2583 954 2649 nobis
980 2585 1134 2650 noticiam
1160 2585 1299 2653 dedistis

171 2690 212 2756 de
229 2689 391 2756 ordinatis
407 2691 515 2758 Dictis
533 2698 565 2757 et
580 2693 655 2776 elijs
673 2691 904 2776 componendis
920 2691 1052 2757 interim
1067 2693 1220 2778 negotijs,
1236 2715 1298 2778 que

169 2799 282 2864 omnia
297 2799 435 2865 multum
449 2800 573 2884 judicio
591 2807 702 2866 nostro
722 2801 879 2884 temporis
895 2806 971 2865 sunt
980 2793 1223 2884 interpositum,
1235 2823 1300 2867 non

169 2905 338 2972 desistatis
353 2913 536 2991 propterea,
552 2909 684 2993 quando
701 2909 792 2974 vobis
817 2909 945 2974 occasio
961 2908 1154 2989 inservierit,
1180 2929 1299 2975 memo·

169 3035 244 3080 rare
258 3014 461 3080 necessarias
477 3015 658 3098 provisines
674 3039 735 3100 pro
762 3017 867 3082 salute
895 3037 1003 3080 rerum
1029 3015 1296 3098 christianarum,

168 3145 252 3208 quas
268 3145 333 3188 non
349 3124 511 3206 possimus
528 3145 591 3189 non
607 3124 725 3204 dolere,
741 3123 788 3189 ita
803 3145 867 3189 non
884 3145 954 3188 esse
979 3122 1156 3207 dispositas
1173 3130 1205 3188 ot
1223 3145 1297 3207 pre-

170 3237 323 3317 paratas,
348 3239 385 3298 ut
411 3233 553 3299 maxima
578 3233 680 3316 exigit
711 3233 858 3318 ipsarum
898 3253 1009 3297 rerum
1043 3230 1294 3298 christianarum

170 3344 354 3408 necessitas.

276 3451 328 3516 De
345 3451 482 3516 materia
498 3449 661 3518 Oomitum
679 3452 783 3536 Segne
799 3453 1035 3536 scripseramus
1052 3451 1167 3517 advos
1183 3435 1298 3518 literas

168 3559 375 3644 presentibus
391 3559 555 3644 alligatas,
571 3561 764 3646 priusquam
786 3561 933 3646 predicte
957 3561 1053 3626 litere
1072 3566 1180 3626 vestre
1206 3561 1299 3626 nobis

168 3667 392 3733 redderentur.
404 3665 689 3734 Consideravimus
701 3675 824 3753 postea,
836 3675 993 3752 quantum
1003 3668 1091 3735 circa
1100 3668 1233 3752 negotia
1241 3668 1300 3735 illa

168 3775 262 3842 uobis
278 3775 430 3859 scribitis,
445 3785 478 3842 et
493 3778 632 3843 multum
647 3777 743 3844 nobis
759 3778 883 3862 placuit
899 3778 1050 3845 adhibita
1065 3799 1190 3861 perros
1200 3799 1300 3862 opera

168 3893 202 3952 ct
218 3886 408 3970 impetratio
425 3886 620 3952 abstinentie
636 3893 711 3971 post
727 3887 790 3953 hac
806 3887 850 3953 ab
866 3886 997 3952 illorum
1013 3885 1158 3966 damnis;
1174 3885 1300 3951 etsicut

168 4017 227 4078 per
244 3994 399 4078 alligatas
416 3995 505 4062 vobis
522 3993 701 4077 scribimus,
717 4001 936 4079 perseverate,
960 3993 1047 4058 omni
1073 4000 1184 4062 tamen
1208 3993 1300 4061 adhi-

169 4103 241 4169 bita
266 4103 435 4183 modestia,
460 4104 493 4168 in
518 4102 742 4170 confirmanda
766 4103 876 4187 Regia
901 4101 1068 4180 Maestate
1084 4103 1117 4166 in
1133 4101 1195 4181 hac
1211 4100 1300 4166 illius

169 4211 255 4277 bona
271 4233 350 4294 erga
374 4212 540 4296 predictos
566 4208 711 4278 Comites
736 4210 986 4295 dispositionem
1011 4214 1044 4273 ct
1068 4208 1299 4289 remissionem,

168 4340 228 4402 pro
259 4319 378 4402 quibus
408 4321 436 4386 si
467 4321 725 4402 intercessimus,
766 4318 800 4384 id
831 4317 964 4382 fecimus
996 4339 1055 4401 pro
1087 4315 1193 4382 officio
1225 4336 1297 4381 nos·

167 4433 219 4492 tre
250 4428 285 4492 in
316 4449 370 4495 cos
402 4428 619 4496 benivolentic
651 4435 684 4495 et
721 4427 841 4496 veteris
873 4425 1076 4509 dilectionis,
1107 4433 1140 4491 et
1171 4431 1207 4491 ut
1234 4443 1299 4490 non

168 4535 274 4601 minus
290 4535 395 4622 Regis
412 4535 624 4605 Oelsitudinis
642 4537 747 4621 amici,
761 4558 860 4623 quam
876 4556 989 4602 eorum
1006 4533 1063 4601 sed
1073 4532 1170 4618 longe
1191 4532 1295 4617 magis
