<?xml version="1.0" encoding="UTF-8"?>
<!DOCTYPE html PUBLIC "-//W3C//DTD XHTML 1.0 Transitional//EN"
    "http://www.w3.org/TR/xhtml1/DTD/xhtml1-transitional.dtd">
<html xmlns="http://www.w3.org/1999/xhtml" xml:lang="en" lang="en">
 <head>
  <title>
</title>
<meta http-equiv="Content-Type" content="text/html;charset=utf-8" />
  <meta name='ocr-system' content='tesseract 3.04.00' />
  <meta name='ocr-capabilities' content='ocr_page ocr_carea ocr_par ocr_line ocrx_word'/>
</head>
<body>
  <div class='ocr_page' id='page_1' title='image "./magyardiplomacz00mattgoog_0458.png"; bbox 0 0 3336 5258; ppageno 0'>
   <div class='ocr_carea' id='block_1_1' title="bbox 677 330 1293 404">
    <p class='ocr_par' dir='ltr' id='par_1_1' title="bbox 677 330 1293 404">
     <span class='ocr_line' id='line_1_1' title="bbox 677 330 1293 404; baseline 0.002 -3"><span class='ocrx_word' id='word_1_1' title='bbox 677 339 770 404; x_wconf 77' lang='lat'>1480.</span> <span class='ocrx_word' id='word_1_2' title='bbox 1228 330 1293 393; x_wconf 76' lang='lat'>421</span> 
     </span>
    </p>
   </div>
   <div class='ocr_carea' id='block_1_2' title="bbox 160 516 1378 2538">
    <p class='ocr_par' dir='ltr' id='par_1_2' title="bbox 160 516 1378 2538">
     <span class='ocr_line' id='line_1_2' title="bbox 161 516 1296 602; baseline -0.004 -18"><span class='ocrx_word' id='word_1_3' title='bbox 161 518 311 602; x_wconf 81' lang='lat' dir='ltr'>exposuit</span> <span class='ocrx_word' id='word_1_4' title='bbox 334 518 463 582; x_wconf 90' lang='lat' dir='ltr'>nomine</span> <span class='ocrx_word' id='word_1_5' title='bbox 487 516 602 600; x_wconf 84' lang='lat' dir='ltr'>Regio,</span> <span class='ocrx_word' id='word_1_6' title='bbox 637 519 723 583; x_wconf 87' lang='lat' dir='ltr'>inter</span> <span class='ocrx_word' id='word_1_7' title='bbox 754 517 891 584; x_wconf 89' lang='lat' dir='ltr'>eundem</span> <span class='ocrx_word' id='word_1_8' title='bbox 923 518 1049 602; x_wconf 76' lang='lat' dir='ltr'>Regem</span> <span class='ocrx_word' id='word_1_9' title='bbox 1079 520 1296 597; x_wconf 88' lang='lat' dir='ltr'>nostrumque</span> 
     </span>
     <span class='ocr_line' id='line_1_3' title="bbox 160 625 1296 708; baseline -0.006 -13"><span class='ocrx_word' id='word_1_10' title='bbox 160 628 353 694; x_wconf 90' lang='lat' dir='ltr'>Domininm</span> <span class='ocrx_word' id='word_1_11' title='bbox 368 627 516 692; x_wconf 77' lang='lat' dir='ltr'><strong>extitisse</strong></span> <span class='ocrx_word' id='word_1_12' title='bbox 532 633 567 692; x_wconf 89' lang='lat' dir='ltr'>et</span> <span class='ocrx_word' id='word_1_13' title='bbox 582 635 695 694; x_wconf 78' lang='lat' dir='ltr'>extare</span> <span class='ocrx_word' id='word_1_14' title='bbox 712 627 871 695; x_wconf 89' lang='lat' dir='ltr'>sinceram</span> <span class='ocrx_word' id='word_1_15' title='bbox 897 627 1084 708; x_wconf 89' lang='lat' dir='ltr'>amicitiam,</span> <span class='ocrx_word' id='word_1_16' title='bbox 1109 625 1296 690; x_wconf 90' lang='lat' dir='ltr'>benivolen-</span> 
     </span>
     <span class='ocr_line' id='line_1_4' title="bbox 160 734 1297 820; baseline -0.004 -17"><span class='ocrx_word' id='word_1_17' title='bbox 160 739 243 803; x_wconf 89' lang='lat' dir='ltr'>tiam</span> <span class='ocrx_word' id='word_1_18' title='bbox 267 742 300 802; x_wconf 89' lang='lat' dir='ltr'>et</span> <span class='ocrx_word' id='word_1_19' title='bbox 325 737 603 820; x_wconf 66' lang='lat' dir='ltr'>conjunctionem</span> <span class='ocrx_word' id='word_1_20' title='bbox 629 743 663 802; x_wconf 91' lang='lat' dir='ltr'>et</span> <span class='ocrx_word' id='word_1_21' title='bbox 687 740 721 803; x_wconf 93' lang='lat' dir='ltr'>in</span> <span class='ocrx_word' id='word_1_22' title='bbox 748 737 868 819; x_wconf 89' lang='lat' dir='ltr'>federe,</span> <span class='ocrx_word' id='word_1_23' title='bbox 886 736 976 820; x_wconf 91' lang='lat' dir='ltr'>quod</span> <span class='ocrx_word' id='word_1_24' title='bbox 992 736 1074 802; x_wconf 88' lang='lat' dir='ltr'>alias</span> <span class='ocrx_word' id='word_1_25' title='bbox 1094 757 1166 799; x_wconf 91' lang='lat' dir='ltr'>cum</span> <span class='ocrx_word' id='word_1_26' title='bbox 1183 734 1297 801; x_wconf 89' lang='lat' dir='ltr'>eedem</span> 
     </span>
     <span class='ocr_line' id='line_1_5' title="bbox 163 843 1296 930; baseline -0.002 -20"><span class='ocrx_word' id='word_1_27' title='bbox 163 843 343 929; x_wconf 76' lang='lat' dir='ltr'>MaJestate</span> <span class='ocrx_word' id='word_1_28' title='bbox 359 844 521 925; x_wconf 81' lang='lat' dir='ltr'>inivimus,</span> <span class='ocrx_word' id='word_1_29' title='bbox 537 846 696 912; x_wconf 84' lang='lat' dir='ltr'>contineri</span> <span class='ocrx_word' id='word_1_30' title='bbox 712 849 811 912; x_wconf 90' lang='lat' dir='ltr'>unum</span> <span class='ocrx_word' id='word_1_31' title='bbox 827 846 1005 930; x_wconf 90' lang='lat' dir='ltr'>capitulum</span> <span class='ocrx_word' id='word_1_32' title='bbox 1023 867 1062 910; x_wconf 90' lang='lat' dir='ltr'>ex</span> <span class='ocrx_word' id='word_1_33' title='bbox 1078 849 1173 928; x_wconf 88' lang='lat' dir='ltr'>parte</span> <span class='ocrx_word' id='word_1_34' title='bbox 1189 843 1296 926; x_wconf 86' lang='lat' dir='ltr'>Regie</span> 
     </span>
     <span class='ocr_line' id='line_1_6' title="bbox 164 949 1378 1034; baseline -0.002 -16"><span class='ocrx_word' id='word_1_35' title='bbox 164 951 389 1019; x_wconf 86' lang='lat' dir='ltr'>Sublimitatis</span> <span class='ocrx_word' id='word_1_36' title='bbox 406 959 571 1017; x_wconf 84' lang='lat' dir='ltr'>servatum</span> <span class='ocrx_word' id='word_1_37' title='bbox 589 958 639 1018; x_wconf 89' lang='lat' dir='ltr'>est</span> <span class='ocrx_word' id='word_1_38' title='bbox 654 953 815 1020; x_wconf 90' lang='lat' dir='ltr'>illibatum</span> <span class='ocrx_word' id='word_1_39' title='bbox 832 960 866 1020; x_wconf 93' lang='lat' dir='ltr'>et</span> <span class='ocrx_word' id='word_1_40' title='bbox 882 950 1073 1034; x_wconf 87' lang='lat' dir='ltr'>servabitur,</span> <span class='ocrx_word' id='word_1_41' title='bbox 1090 951 1117 1017; x_wconf 87' lang='lat' dir='ltr'>si</span> <span class='ocrx_word' id='word_1_42' title='bbox 1135 952 1298 1016; x_wconf 86' lang='lat' dir='ltr'>exlatere</span> <span class='ocrx_word' id='word_1_43' title='bbox 1376 949 1378 954; x_wconf 68' lang='grc'><strong>’</strong></span> 
     </span>
     <span class='ocr_line' id='line_1_7' title="bbox 163 1059 1298 1147; baseline 0 -23"><span class='ocrx_word' id='word_1_44' title='bbox 163 1059 309 1145; x_wconf 89' lang='lat' dir='ltr'>Dominij</span> <span class='ocrx_word' id='word_1_45' title='bbox 342 1081 408 1124; x_wconf 89' lang='lat' dir='ltr'>non</span> <span class='ocrx_word' id='word_1_46' title='bbox 440 1059 588 1126; x_wconf 88' lang='lat' dir='ltr'>defuerit.</span> <span class='ocrx_word' id='word_1_47' title='bbox 624 1061 748 1128; x_wconf 84' lang='lat' dir='ltr'>Postea</span> <span class='ocrx_word' id='word_1_48' title='bbox 779 1063 955 1147; x_wconf 90' lang='lat' dir='ltr'>subjunxit,</span> <span class='ocrx_word' id='word_1_49' title='bbox 980 1061 1067 1145; x_wconf 90' lang='lat' dir='ltr'>quod</span> <span class='ocrx_word' id='word_1_50' title='bbox 1093 1081 1165 1124; x_wconf 91' lang='lat' dir='ltr'>cum</span> <span class='ocrx_word' id='word_1_51' title='bbox 1190 1059 1298 1142; x_wconf 83' lang='lat' dir='ltr'>Regia</span> 
     </span>
     <span class='ocr_line' id='line_1_8' title="bbox 164 1165 1300 1252; baseline -0.004 -17"><span class='ocrx_word' id='word_1_52' title='bbox 164 1167 357 1235; x_wconf 84' lang='lat' dir='ltr'>Sublimitas</span> <span class='ocrx_word' id='word_1_53' title='bbox 372 1167 515 1234; x_wconf 86' lang='lat' dir='ltr'>misisset</span> <span class='ocrx_word' id='word_1_54' title='bbox 532 1165 750 1252; x_wconf 79' lang='lat' dir='ltr'>Capitaneum</span> <span class='ocrx_word' id='word_1_55' title='bbox 774 1175 808 1234; x_wconf 91' lang='lat' dir='ltr'>et</span> <span class='ocrx_word' id='word_1_56' title='bbox 832 1171 1013 1236; x_wconf 89' lang='lat' dir='ltr'>exercitum</span> <span class='ocrx_word' id='word_1_57' title='bbox 1037 1190 1130 1234; x_wconf 87' lang='lat' dir='ltr'>suum</span> <span class='ocrx_word' id='word_1_58' title='bbox 1147 1166 1191 1233; x_wconf 90' lang='lat' dir='ltr'>ad</span> <span class='ocrx_word' id='word_1_59' title='bbox 1207 1168 1300 1250; x_wconf 92' lang='lat' dir='ltr'>puni-</span> 
     </span>
     <span class='ocr_line' id='line_1_9' title="bbox 164 1275 1302 1360; baseline -0.002 -18"><span class='ocrx_word' id='word_1_60' title='bbox 164 1277 266 1342; x_wconf 92' lang='lat' dir='ltr'>endos</span> <span class='ocrx_word' id='word_1_61' title='bbox 290 1275 463 1342; x_wconf 84' lang='lat' dir='ltr'>nonnullos</span> <span class='ocrx_word' id='word_1_62' title='bbox 487 1275 626 1344; x_wconf 88' lang='lat' dir='ltr'>rebelles</span> <span class='ocrx_word' id='word_1_63' title='bbox 655 1301 730 1344; x_wconf 91' lang='lat' dir='ltr'>suos</span> <span class='ocrx_word' id='word_1_64' title='bbox 755 1279 790 1343; x_wconf 92' lang='lat' dir='ltr'>in</span> <span class='ocrx_word' id='word_1_65' title='bbox 807 1275 966 1344; x_wconf 80' lang='lat' dir='ltr'>Grovatia</span> <span class='ocrx_word' id='word_1_66' title='bbox 991 1283 1026 1342; x_wconf 90' lang='lat' dir='ltr'>et</span> <span class='ocrx_word' id='word_1_67' title='bbox 1050 1277 1138 1341; x_wconf 90' lang='lat' dir='ltr'>inter</span> <span class='ocrx_word' id='word_1_68' title='bbox 1159 1277 1302 1360; x_wconf 89' lang='lat' dir='ltr'>reliquos</span> 
     </span>
     <span class='ocr_line' id='line_1_10' title="bbox 165 1382 1302 1470; baseline -0.004 -18"><span class='ocrx_word' id='word_1_69' title='bbox 165 1385 327 1452; x_wconf 80' lang='lat' dir='ltr'>Comitem</span> <span class='ocrx_word' id='word_1_70' title='bbox 342 1386 507 1452; x_wconf 85' lang='lat' dir='ltr'>Joannem</span> <span class='ocrx_word' id='word_1_71' title='bbox 523 1385 638 1470; x_wconf 87' lang='lat' dir='ltr'>Vegle,</span> <span class='ocrx_word' id='word_1_72' title='bbox 654 1387 709 1470; x_wconf 92' lang='lat' dir='ltr'>qui</span> <span class='ocrx_word' id='word_1_73' title='bbox 729 1382 833 1452; x_wconf 89' lang='lat' dir='ltr'>eidem</span> <span class='ocrx_word' id='word_1_74' title='bbox 850 1385 1020 1470; x_wconf 85' lang='lat' dir='ltr'>Majestati</span> <span class='ocrx_word' id='word_1_75' title='bbox 1045 1384 1168 1468; x_wconf 88' lang='lat' dir='ltr'>pluries</span> <span class='ocrx_word' id='word_1_76' title='bbox 1194 1385 1302 1450; x_wconf 86' lang='lat' dir='ltr'>inerat</span> 
     </span>
     <span class='ocr_line' id='line_1_11' title="bbox 162 1491 1301 1578; baseline -0.003 -18"><span class='ocrx_word' id='word_1_77' title='bbox 162 1494 312 1576; x_wconf 88' lang='lat' dir='ltr'>infestus,</span> <span class='ocrx_word' id='word_1_78' title='bbox 347 1499 381 1559; x_wconf 92' lang='lat' dir='ltr'>et</span> <span class='ocrx_word' id='word_1_79' title='bbox 412 1495 519 1577; x_wconf 83' lang='lat' dir='ltr'>Regia</span> <span class='ocrx_word' id='word_1_80' title='bbox 543 1493 681 1560; x_wconf 88' lang='lat' dir='ltr'>castella</span> <span class='ocrx_word' id='word_1_81' title='bbox 706 1499 931 1578; x_wconf 88' lang='lat' dir='ltr'>occupaverat,</span> <span class='ocrx_word' id='word_1_82' title='bbox 957 1491 1160 1576; x_wconf 77' lang='lat' dir='ltr'>Capitaneus</span> <span class='ocrx_word' id='word_1_83' title='bbox 1192 1497 1301 1557; x_wconf 92' lang='lat' dir='ltr'>noster</span> 
     </span>
     <span class='ocr_line' id='line_1_12' title="bbox 164 1600 1299 1686; baseline -0.002 -18"><span class='ocrx_word' id='word_1_84' title='bbox 164 1625 236 1668; x_wconf 89' lang='lat' dir='ltr'>sese</span> <span class='ocrx_word' id='word_1_85' title='bbox 252 1603 406 1686; x_wconf 89' lang='lat' dir='ltr'>opposuit</span> <span class='ocrx_word' id='word_1_86' title='bbox 421 1609 455 1668; x_wconf 91' lang='lat' dir='ltr'>et</span> <span class='ocrx_word' id='word_1_87' title='bbox 470 1603 602 1686; x_wconf 83' lang='lat' dir='ltr'>scripsit</span> <span class='ocrx_word' id='word_1_88' title='bbox 618 1602 721 1669; x_wconf 92' lang='lat' dir='ltr'>eidem</span> <span class='ocrx_word' id='word_1_89' title='bbox 738 1602 919 1685; x_wconf 80' lang='lat' dir='ltr'>Capitaneo</span> <span class='ocrx_word' id='word_1_90' title='bbox 943 1600 1051 1682; x_wconf 84' lang='lat' dir='ltr'>Regio</span> <span class='ocrx_word' id='word_1_91' title='bbox 1067 1601 1181 1665; x_wconf 88' lang='lat' dir='ltr'>literas</span> <span class='ocrx_word' id='word_1_92' title='bbox 1197 1601 1299 1666; x_wconf 88' lang='lat' dir='ltr'>mina-</span> 
     </span>
     <span class='ocr_line' id='line_1_13' title="bbox 163 1707 1302 1794; baseline 0 -20"><span class='ocrx_word' id='word_1_93' title='bbox 163 1713 277 1792; x_wconf 86' lang='lat' dir='ltr'>torias,</span> <span class='ocrx_word' id='word_1_94' title='bbox 302 1732 384 1794; x_wconf 89' lang='lat' dir='ltr'>quas</span> <span class='ocrx_word' id='word_1_95' title='bbox 414 1709 569 1794; x_wconf 81' lang='lat' dir='ltr'>legendas</span> <span class='ocrx_word' id='word_1_96' title='bbox 591 1711 749 1791; x_wconf 89' lang='lat' dir='ltr'>tradidit;</span> <span class='ocrx_word' id='word_1_97' title='bbox 774 1717 808 1777; x_wconf 92' lang='lat' dir='ltr'>et</span> <span class='ocrx_word' id='word_1_98' title='bbox 832 1711 979 1794; x_wconf 88' lang='lat' dir='ltr'>quamvis</span> <span class='ocrx_word' id='word_1_99' title='bbox 1007 1707 1168 1793; x_wconf 88' lang='lat' dir='ltr'>Majestas</span> <span class='ocrx_word' id='word_1_100' title='bbox 1194 1710 1302 1794; x_wconf 81' lang='lat' dir='ltr'>Regia</span> 
     </span>
     <span class='ocr_line' id='line_1_14' title="bbox 167 1816 1302 1902; baseline 0 -16"><span class='ocrx_word' id='word_1_101' title='bbox 167 1819 332 1886; x_wconf 90' lang='lat' dir='ltr'>existimet</span> <span class='ocrx_word' id='word_1_102' title='bbox 349 1816 565 1902; x_wconf 82' lang='lat' dir='ltr'>Capitaneum</span> <span class='ocrx_word' id='word_1_103' title='bbox 582 1826 727 1885; x_wconf 88' lang='lat' dir='ltr'>nostrum</span> <span class='ocrx_word' id='word_1_104' title='bbox 744 1843 784 1887; x_wconf 89' lang='lat' dir='ltr'>ea</span> <span class='ocrx_word' id='word_1_105' title='bbox 801 1821 915 1886; x_wconf 85' lang='lat' dir='ltr'>fecisse</span> <span class='ocrx_word' id='word_1_106' title='bbox 932 1825 1042 1902; x_wconf 86' lang='lat' dir='ltr'>preter</span> <span class='ocrx_word' id='word_1_107' title='bbox 1067 1824 1212 1884; x_wconf 89' lang='lat' dir='ltr'>nostram</span> <span class='ocrx_word' id='word_1_108' title='bbox 1242 1820 1302 1886; x_wconf 89' lang='lat' dir='ltr'>sci·</span> 
     </span>
     <span class='ocr_line' id='line_1_15' title="bbox 165 1927 1300 2014; baseline 0.001 -21"><span class='ocrx_word' id='word_1_109' title='bbox 165 1929 298 2007; x_wconf 88' lang='lat' dir='ltr'>entiam,</span> <span class='ocrx_word' id='word_1_110' title='bbox 314 1928 450 1993; x_wconf 86' lang='lat' dir='ltr'>miserat</span> <span class='ocrx_word' id='word_1_111' title='bbox 465 1933 576 1993; x_wconf 85' lang='lat' dir='ltr'>lernen</span> <span class='ocrx_word' id='word_1_112' title='bbox 596 1929 734 1995; x_wconf 87' lang='lat' dir='ltr'>eundern</span> <span class='ocrx_word' id='word_1_113' title='bbox 751 1929 961 2014; x_wconf 91' lang='lat' dir='ltr'>Prepositum</span> <span class='ocrx_word' id='word_1_114' title='bbox 989 1928 1031 1994; x_wconf 85' lang='lat' dir='ltr'>ad</span> <span class='ocrx_word' id='word_1_115' title='bbox 1049 1927 1109 1993; x_wconf 91' lang='lat' dir='ltr'>hoo</span> <span class='ocrx_word' id='word_1_116' title='bbox 1136 1928 1300 1994; x_wconf 88' lang='lat' dir='ltr'>sciscitan-</span> 
     </span>
     <span class='ocr_line' id='line_1_16' title="bbox 165 2035 1301 2118; baseline 0 -16"><span class='ocrx_word' id='word_1_117' title='bbox 165 2037 242 2102; x_wconf 90' lang='lat' dir='ltr'>dum</span> <span class='ocrx_word' id='word_1_118' title='bbox 259 2058 332 2100; x_wconf 91' lang='lat' dir='ltr'>cum</span> <span class='ocrx_word' id='word_1_119' title='bbox 348 2035 442 2102; x_wconf 93' lang='lat' dir='ltr'>bonis</span> <span class='ocrx_word' id='word_1_120' title='bbox 459 2042 579 2118; x_wconf 89' lang='lat' dir='ltr'>tamen,</span> <span class='ocrx_word' id='word_1_121' title='bbox 596 2042 629 2102; x_wconf 89' lang='lat' dir='ltr'>et</span> <span class='ocrx_word' id='word_1_122' title='bbox 644 2037 799 2104; x_wconf 88' lang='lat' dir='ltr'>modestis</span> <span class='ocrx_word' id='word_1_123' title='bbox 816 2037 933 2118; x_wconf 90' lang='lat' dir='ltr'>verbis,</span> <span class='ocrx_word' id='word_1_124' title='bbox 950 2037 1047 2103; x_wconf 90' lang='lat' dir='ltr'>sicuti</span> <span class='ocrx_word' id='word_1_125' title='bbox 1063 2037 1139 2103; x_wconf 89' lang='lat' dir='ltr'>huic</span> <span class='ocrx_word' id='word_1_126' title='bbox 1155 2035 1301 2103; x_wconf 83' lang='lat' dir='ltr'>Consilio</span> 
     </span>
     <span class='ocr_line' id='line_1_17' title="bbox 165 2143 1299 2229; baseline 0.001 -20"><span class='ocrx_word' id='word_1_127' title='bbox 165 2167 224 2229; x_wconf 91' lang='lat' dir='ltr'>per</span> <span class='ocrx_word' id='word_1_128' title='bbox 240 2143 489 2211; x_wconf 84' lang='lat' dir='ltr'>Serenissimunr</span> <span class='ocrx_word' id='word_1_129' title='bbox 514 2144 693 2211; x_wconf 89' lang='lat' dir='ltr'>Dominum</span> <span class='ocrx_word' id='word_1_130' title='bbox 709 2147 835 2212; x_wconf 88' lang='lat' dir='ltr'>Ducem</span> <span class='ocrx_word' id='word_1_131' title='bbox 861 2145 1003 2212; x_wconf 84' lang='lat' dir='ltr'>relatum</span> <span class='ocrx_word' id='word_1_132' title='bbox 1031 2151 1098 2227; x_wconf 83' lang='lat' dir='ltr'>est3</span> <span class='ocrx_word' id='word_1_133' title='bbox 1124 2151 1157 2211; x_wconf 90' lang='lat' dir='ltr'>et</span> <span class='ocrx_word' id='word_1_134' title='bbox 1182 2143 1299 2210; x_wconf 92' lang='lat' dir='ltr'>ultimo</span> 
     </span>
     <span class='ocr_line' id='line_1_18' title="bbox 164 2253 1304 2338; baseline -0.001 -20"><span class='ocrx_word' id='word_1_135' title='bbox 164 2254 238 2318; x_wconf 90' lang='lat' dir='ltr'>loco</span> <span class='ocrx_word' id='word_1_136' title='bbox 254 2253 359 2337; x_wconf 85' lang='lat' dir='ltr'>petijt,</span> <span class='ocrx_word' id='word_1_137' title='bbox 376 2254 463 2336; x_wconf 93' lang='lat' dir='ltr'>quod</span> <span class='ocrx_word' id='word_1_138' title='bbox 485 2253 559 2338; x_wconf 91' lang='lat' dir='ltr'>jure</span> <span class='ocrx_word' id='word_1_139' title='bbox 574 2255 793 2320; x_wconf 83' lang='lat' dir='ltr'>benivolentia</span> <span class='ocrx_word' id='word_1_140' title='bbox 818 2261 850 2320; x_wconf 92' lang='lat' dir='ltr'>et</span> <span class='ocrx_word' id='word_1_141' title='bbox 869 2255 1012 2320; x_wconf 83' lang='lat' dir='ltr'>amicitie</span> <span class='ocrx_word' id='word_1_142' title='bbox 1037 2260 1157 2334; x_wconf 88' lang='lat' dir='ltr'>nostre,</span> <span class='ocrx_word' id='word_1_143' title='bbox 1172 2258 1210 2318; x_wconf 92' lang='lat' dir='ltr'>ut</span> <span class='ocrx_word' id='word_1_144' title='bbox 1225 2274 1304 2334; x_wconf 83' lang='lat' dir='ltr'>gen-</span> 
     </span>
     <span class='ocr_line' id='line_1_19' title="bbox 165 2360 1301 2447; baseline -0.001 -20"><span class='ocrx_word' id='word_1_145' title='bbox 165 2361 253 2427; x_wconf 92' lang='lat' dir='ltr'>tibus</span> <span class='ocrx_word' id='word_1_146' title='bbox 269 2361 346 2442; x_wconf 79' lang='lat' dir='ltr'>soie,</span> <span class='ocrx_word' id='word_1_147' title='bbox 361 2383 424 2445; x_wconf 90' lang='lat' dir='ltr'>que</span> <span class='ocrx_word' id='word_1_148' title='bbox 440 2363 565 2427; x_wconf 85' lang='lat' dir='ltr'>suntin</span> <span class='ocrx_word' id='word_1_149' title='bbox 583 2361 748 2444; x_wconf 86' lang='lat' dir='ltr'>Orovatia,</span> <span class='ocrx_word' id='word_1_150' title='bbox 764 2363 806 2429; x_wconf 91' lang='lat' dir='ltr'>ad</span> <span class='ocrx_word' id='word_1_151' title='bbox 823 2364 1026 2447; x_wconf 87' lang='lat' dir='ltr'>punitionem</span> <span class='ocrx_word' id='word_1_152' title='bbox 1044 2383 1176 2427; x_wconf 88' lang='lat' dir='ltr'>suorum</span> <span class='ocrx_word' id='word_1_153' title='bbox 1196 2360 1301 2426; x_wconf 91' lang='lat' dir='ltr'>rebel·</span> 
     </span>
     <span class='ocr_line' id='line_1_20' title="bbox 167 2469 1300 2538; baseline -0.001 -4"><span class='ocrx_word' id='word_1_154' title='bbox 167 2469 244 2534; x_wconf 90' lang='lat' dir='ltr'>lium</span> <span class='ocrx_word' id='word_1_155' title='bbox 270 2471 452 2535; x_wconf 83' lang='lat' dir='ltr'>consentire</span> <span class='ocrx_word' id='word_1_156' title='bbox 469 2471 616 2536; x_wconf 91' lang='lat' dir='ltr'>vellimus</span> <span class='ocrx_word' id='word_1_157' title='bbox 635 2471 789 2538; x_wconf 82' lang='lat' dir='ltr'>victualia</span> <span class='ocrx_word' id='word_1_158' title='bbox 816 2493 855 2536; x_wconf 90' lang='lat' dir='ltr'>ex</span> <span class='ocrx_word' id='word_1_159' title='bbox 879 2469 960 2536; x_wconf 89' lang='lat' dir='ltr'>locis</span> <span class='ocrx_word' id='word_1_160' title='bbox 985 2469 1118 2534; x_wconf 86' lang='lat' dir='ltr'>nostris.</span> <span class='ocrx_word' id='word_1_161' title='bbox 1143 2469 1189 2534; x_wconf 81' lang='lat' dir='ltr'>Et</span> <span class='ocrx_word' id='word_1_162' title='bbox 1213 2469 1300 2533; x_wconf 90' lang='lat' dir='ltr'>hanc</span> 
     </span>
    </p>
   </div>
   <div class='ocr_carea' id='block_1_3' title="bbox 166 2571 1304 2664">
    <p class='ocr_par' dir='ltr' id='par_1_3' title="bbox 166 2571 1304 2664">
     <span class='ocr_line' id='line_1_21' title="bbox 166 2571 1304 2664; baseline -0.003 -21"><span class='ocrx_word' id='word_1_163' title='bbox 166 2585 292 2662; x_wconf 90' lang='lat' dir='ltr'>partem</span> <span class='ocrx_word' id='word_1_164' title='bbox 308 2585 375 2643; x_wconf 91' lang='lat' dir='ltr'>tam</span> <span class='ocrx_word' id='word_1_165' title='bbox 401 2579 434 2644; x_wconf 92' lang='lat' dir='ltr'>in</span> <span class='ocrx_word' id='word_1_166' title='bbox 460 2580 570 2662; x_wconf 91' lang='lat' dir='ltr'>prima</span> <span class='ocrx_word' id='word_1_167' title='bbox 594 2602 654 2645; x_wconf 87' lang='lat' dir='ltr'>sue</span> <span class='ocrx_word' id='word_1_168' title='bbox 678 2579 890 2664; x_wconf 79' lang='lat' dir='ltr'>expositione,</span> <span class='ocrx_word' id='word_1_169' title='bbox 907 2601 1006 2662; x_wconf 89' lang='lat' dir='ltr'>quam</span> <span class='ocrx_word' id='word_1_170' title='bbox 1032 2579 1066 2642; x_wconf 94' lang='lat' dir='ltr'>in</span> <span class='ocrx_word' id='word_1_171' title='bbox 1090 2571 1304 2661; x_wconf 85' lang='lat' dir='ltr'>replicatione</span> 
     </span>
    </p>
   </div>
   <div class='ocr_carea' id='block_1_4' title="bbox 84 2685 1313 4626">
    <p class='ocr_par' dir='ltr' id='par_1_4' title="bbox 84 2685 1313 4626">
     <span class='ocr_line' id='line_1_22' title="bbox 165 2685 1306 2772; baseline -0.002 -21"><span class='ocrx_word' id='word_1_172' title='bbox 165 2693 241 2770; x_wconf 90' lang='lat' dir='ltr'>post</span> <span class='ocrx_word' id='word_1_173' title='bbox 257 2685 413 2751; x_wconf 92' lang='lat' dir='ltr'>nonnulla</span> <span class='ocrx_word' id='word_1_174' title='bbox 428 2687 517 2753; x_wconf 88' lang='lat' dir='ltr'>bona</span> <span class='ocrx_word' id='word_1_175' title='bbox 531 2687 631 2753; x_wconf 87' lang='lat' dir='ltr'>verba</span> <span class='ocrx_word' id='word_1_176' title='bbox 647 2688 676 2754; x_wconf 95' lang='lat' dir='ltr'>ei</span> <span class='ocrx_word' id='word_1_177' title='bbox 693 2689 781 2755; x_wconf 88' lang='lat' dir='ltr'>dieta</span> <span class='ocrx_word' id='word_1_178' title='bbox 796 2687 976 2772; x_wconf 86' lang='lat' dir='ltr'>replicavit,</span> <span class='ocrx_word' id='word_1_179' title='bbox 994 2693 1027 2750; x_wconf 87' lang='lat' dir='ltr'>ot</span> <span class='ocrx_word' id='word_1_180' title='bbox 1044 2708 1117 2751; x_wconf 91' lang='lat' dir='ltr'>cum</span> <span class='ocrx_word' id='word_1_181' title='bbox 1140 2686 1306 2750; x_wconf 87' lang='lat' dir='ltr'>instantia</span> 
     </span>
     <span class='ocr_line' id='line_1_23' title="bbox 165 2792 1306 2881; baseline 0 -24"><span class='ocrx_word' id='word_1_182' title='bbox 165 2794 263 2878; x_wconf 88' lang='lat' dir='ltr'>petijt</span> <span class='ocrx_word' id='word_1_183' title='bbox 278 2815 350 2858; x_wconf 92' lang='lat' dir='ltr'>oum</span> <span class='ocrx_word' id='word_1_184' title='bbox 368 2793 538 2860; x_wconf 81' lang='lat' dir='ltr'>eeleritate</span> <span class='ocrx_word' id='word_1_185' title='bbox 564 2795 718 2880; x_wconf 90' lang='lat' dir='ltr'>expediri,</span> <span class='ocrx_word' id='word_1_186' title='bbox 734 2804 768 2862; x_wconf 88' lang='lat' dir='ltr'>et</span> <span class='ocrx_word' id='word_1_187' title='bbox 790 2802 967 2881; x_wconf 86' lang='lat' dir='ltr'>propterea</span> <span class='ocrx_word' id='word_1_188' title='bbox 989 2794 1079 2861; x_wconf 86' lang='lat' dir='ltr'>vadit</span> <span class='ocrx_word' id='word_1_189' title='bbox 1094 2815 1172 2877; x_wconf 88' lang='lat' dir='ltr'>pars</span> <span class='ocrx_word' id='word_1_190' title='bbox 1186 2819 1193 2858; x_wconf 75' lang='grc' dir='ltr'>ι</span> <span class='ocrx_word' id='word_1_191' title='bbox 1209 2792 1306 2878; x_wconf 81' lang='lat' dir='ltr'>Quod</span> 
     </span>
     <span class='ocr_line' id='line_1_24' title="bbox 166 2901 1305 2988; baseline 0.004 -23"><span class='ocrx_word' id='word_1_192' title='bbox 166 2901 322 2966; x_wconf 87' lang='lat' dir='ltr'>alacriter</span> <span class='ocrx_word' id='word_1_193' title='bbox 354 2925 428 2969; x_wconf 88' lang='lat' dir='ltr'>eum</span> <span class='ocrx_word' id='word_1_194' title='bbox 459 2904 596 2971; x_wconf 90' lang='lat' dir='ltr'>vidimus</span> <span class='ocrx_word' id='word_1_195' title='bbox 628 2911 661 2971; x_wconf 89' lang='lat' dir='ltr'>et</span> <span class='ocrx_word' id='word_1_196' title='bbox 691 2907 881 2988; x_wconf 89' lang='lat' dir='ltr'>audivimus,</span> <span class='ocrx_word' id='word_1_197' title='bbox 898 2905 993 2970; x_wconf 89' lang='lat' dir='ltr'>sicuti</span> <span class='ocrx_word' id='word_1_198' title='bbox 1021 2904 1166 2970; x_wconf 89' lang='lat' dir='ltr'>consueti</span> <span class='ocrx_word' id='word_1_199' title='bbox 1193 2925 1305 2970; x_wconf 88' lang='lat' dir='ltr'>sumus</span> 
     </span>
     <span class='ocr_line' id='line_1_25' title="bbox 169 3009 1306 3098; baseline 0.002 -22"><span class='ocrx_word' id='word_1_200' title='bbox 169 3009 279 3076; x_wconf 89' lang='lat' dir='ltr'>videre</span> <span class='ocrx_word' id='word_1_201' title='bbox 304 3032 415 3077; x_wconf 91' lang='lat' dir='ltr'>omnes</span> <span class='ocrx_word' id='word_1_202' title='bbox 444 3013 604 3080; x_wconf 87' lang='lat' dir='ltr'>Oratores</span> <span class='ocrx_word' id='word_1_203' title='bbox 631 3020 663 3079; x_wconf 89' lang='lat' dir='ltr'>et</span> <span class='ocrx_word' id='word_1_204' title='bbox 688 3014 830 3082; x_wconf 89' lang='lat' dir='ltr'>Nuntios</span> <span class='ocrx_word' id='word_1_205' title='bbox 855 3014 961 3098; x_wconf 84' lang='lat' dir='ltr'>Regio</span> <span class='ocrx_word' id='word_1_206' title='bbox 993 3013 1214 3080; x_wconf 83' lang='lat' dir='ltr'>Sublimitatis</span> <span class='ocrx_word' id='word_1_207' title='bbox 1246 3034 1306 3096; x_wconf 92' lang='lat' dir='ltr'>pro</span> 
     </span>
     <span class='ocr_line' id='line_1_26' title="bbox 168 3121 1307 3206; baseline 0.004 -23"><span class='ocrx_word' id='word_1_208' title='bbox 168 3127 265 3185; x_wconf 89' lang='lat' dir='ltr'>arcta</span> <span class='ocrx_word' id='word_1_209' title='bbox 281 3129 315 3187; x_wconf 91' lang='lat' dir='ltr'>et</span> <span class='ocrx_word' id='word_1_210' title='bbox 330 3143 465 3206; x_wconf 85' lang='lat' dir='ltr'>syncera</span> <span class='ocrx_word' id='word_1_211' title='bbox 481 3129 595 3188; x_wconf 88' lang='lat' dir='ltr'>nostra</span> <span class='ocrx_word' id='word_1_212' title='bbox 611 3122 829 3192; x_wconf 89' lang='lat' dir='ltr'>benivolentia</span> <span class='ocrx_word' id='word_1_213' title='bbox 853 3131 886 3190; x_wconf 91' lang='lat' dir='ltr'>et</span> <span class='ocrx_word' id='word_1_214' title='bbox 902 3126 1073 3205; x_wconf 89' lang='lat' dir='ltr'>charitate,</span> <span class='ocrx_word' id='word_1_215' title='bbox 1089 3123 1146 3189; x_wconf 91' lang='lat' dir='ltr'>sed</span> <span class='ocrx_word' id='word_1_216' title='bbox 1163 3123 1206 3188; x_wconf 84' lang='lat' dir='ltr'>ad</span> <span class='ocrx_word' id='word_1_217' title='bbox 1222 3121 1307 3188; x_wconf 89' lang='lat' dir='ltr'>hanc</span> 
     </span>
     <span class='ocr_line' id='line_1_27' title="bbox 168 3229 1309 3317; baseline 0.002 -24"><span class='ocrx_word' id='word_1_218' title='bbox 168 3229 357 3311; x_wconf 85' lang='lat' dir='ltr'>generalem</span> <span class='ocrx_word' id='word_1_219' title='bbox 375 3251 508 3296; x_wconf 87' lang='lat' dir='ltr'>causam</span> <span class='ocrx_word' id='word_1_220' title='bbox 525 3231 651 3298; x_wconf 88' lang='lat' dir='ltr'>accedit</span> <span class='ocrx_word' id='word_1_221' title='bbox 675 3233 776 3299; x_wconf 90' lang='lat' dir='ltr'>etiam</span> <span class='ocrx_word' id='word_1_222' title='bbox 801 3233 934 3317; x_wconf 90' lang='lat' dir='ltr'>propria</span> <span class='ocrx_word' id='word_1_223' title='bbox 959 3253 1058 3298; x_wconf 88' lang='lat' dir='ltr'>causa</span> <span class='ocrx_word' id='word_1_224' title='bbox 1081 3235 1115 3295; x_wconf 92' lang='lat' dir='ltr'>et</span> <span class='ocrx_word' id='word_1_225' title='bbox 1139 3235 1309 3315; x_wconf 88' lang='lat' dir='ltr'>respectus</span> 
     </span>
     <span class='ocr_line' id='line_1_28' title="bbox 169 3337 1307 3424; baseline 0.003 -23"><span class='ocrx_word' id='word_1_226' title='bbox 169 3357 308 3420; x_wconf 87' lang='lat' dir='ltr'>persone</span> <span class='ocrx_word' id='word_1_227' title='bbox 325 3337 472 3423; x_wconf 89' lang='lat' dir='ltr'>ejusdem</span> <span class='ocrx_word' id='word_1_228' title='bbox 489 3338 565 3404; x_wconf 87' lang='lat' dir='ltr'>dicti</span> <span class='ocrx_word' id='word_1_229' title='bbox 584 3337 738 3406; x_wconf 89' lang='lat' dir='ltr'>Oratoris</span> <span class='ocrx_word' id='word_1_230' title='bbox 753 3363 813 3424; x_wconf 87' lang='lat' dir='ltr'>pro</span> <span class='ocrx_word' id='word_1_231' title='bbox 830 3363 890 3407; x_wconf 87' lang='lat' dir='ltr'>sua</span> <span class='ocrx_word' id='word_1_232' title='bbox 915 3339 1076 3406; x_wconf 88' lang='lat' dir='ltr'>modestia</span> <span class='ocrx_word' id='word_1_233' title='bbox 1092 3345 1125 3404; x_wconf 91' lang='lat' dir='ltr'>et</span> <span class='ocrx_word' id='word_1_234' title='bbox 1139 3338 1307 3423; x_wconf 88' lang='lat' dir='ltr'>probitate</span> 
     </span>
     <span class='ocr_line' id='line_1_29' title="bbox 169 3443 1305 3532; baseline 0 -22"><span class='ocrx_word' id='word_1_235' title='bbox 169 3443 265 3510; x_wconf 90' lang='lat' dir='ltr'>nobis</span> <span class='ocrx_word' id='word_1_236' title='bbox 291 3446 467 3512; x_wconf 88' lang='lat' dir='ltr'>admodum</span> <span class='ocrx_word' id='word_1_237' title='bbox 491 3453 585 3530; x_wconf 85' lang='lat' dir='ltr'>grate</span> <span class='ocrx_word' id='word_1_238' title='bbox 610 3454 644 3514; x_wconf 91' lang='lat' dir='ltr'>et</span> <span class='ocrx_word' id='word_1_239' title='bbox 669 3455 808 3531; x_wconf 85' lang='lat' dir='ltr'>accepte,</span> <span class='ocrx_word' id='word_1_240' title='bbox 825 3456 859 3514; x_wconf 89' lang='lat' dir='ltr'>et</span> <span class='ocrx_word' id='word_1_241' title='bbox 885 3449 1032 3532; x_wconf 88' lang='lat' dir='ltr'>quamvis</span> <span class='ocrx_word' id='word_1_242' title='bbox 1048 3449 1080 3512; x_wconf 90' lang='lat' dir='ltr'>in</span> <span class='ocrx_word' id='word_1_243' title='bbox 1097 3447 1203 3531; x_wconf 90' lang='lat' dir='ltr'>primo</span> <span class='ocrx_word' id='word_1_244' title='bbox 1232 3467 1305 3511; x_wconf 91' lang='lat' dir='ltr'>con·</span> 
     </span>
     <span class='ocr_line' id='line_1_30' title="bbox 171 3554 1305 3639; baseline 0 -22"><span class='ocrx_word' id='word_1_245' title='bbox 171 3575 286 3638; x_wconf 83' lang='lat' dir='ltr'>gressu</span> <span class='ocrx_word' id='word_1_246' title='bbox 302 3556 383 3620; x_wconf 85' lang='lat' dir='ltr'>satis</span> <span class='ocrx_word' id='word_1_247' title='bbox 399 3554 599 3622; x_wconf 78' lang='lat' dir='ltr'>sufficienter</span> <span class='ocrx_word' id='word_1_248' title='bbox 620 3557 650 3621; x_wconf 89' lang='lat' dir='ltr'>ei</span> <span class='ocrx_word' id='word_1_249' title='bbox 671 3555 948 3639; x_wconf 88' lang='lat' dir='ltr'>responderimus,</span> <span class='ocrx_word' id='word_1_250' title='bbox 964 3555 1008 3620; x_wconf 85' lang='lat' dir='ltr'>ad</span> <span class='ocrx_word' id='word_1_251' title='bbox 1021 3555 1177 3638; x_wconf 85' lang='lat' dir='ltr'>majorem</span> <span class='ocrx_word' id='word_1_252' title='bbox 1195 3561 1305 3620; x_wconf 87' lang='lat' dir='ltr'>tamen</span> 
     </span>
     <span class='ocr_line' id='line_1_31' title="bbox 168 3662 1305 3747; baseline 0 -21"><span class='ocrx_word' id='word_1_253' title='bbox 168 3663 427 3730; x_wconf 80' lang='lat' dir='ltr'>satisfactionem</span> <span class='ocrx_word' id='word_1_254' title='bbox 454 3685 546 3730; x_wconf 87' lang='lat' dir='ltr'>suam</span> <span class='ocrx_word' id='word_1_255' title='bbox 572 3671 605 3730; x_wconf 87' lang='lat' dir='ltr'>et</span> <span class='ocrx_word' id='word_1_256' title='bbox 630 3670 776 3730; x_wconf 88' lang='lat' dir='ltr'>nostram</span> <span class='ocrx_word' id='word_1_257' title='bbox 802 3669 835 3728; x_wconf 89' lang='lat' dir='ltr'>et</span> <span class='ocrx_word' id='word_1_258' title='bbox 859 3663 902 3728; x_wconf 90' lang='lat' dir='ltr'>ad</span> <span class='ocrx_word' id='word_1_259' title='bbox 926 3662 1165 3747; x_wconf 85' lang='lat' dir='ltr'>expressionem</span> <span class='ocrx_word' id='word_1_260' title='bbox 1183 3663 1305 3746; x_wconf 90' lang='lat' dir='ltr'>optime</span> 
     </span>
     <span class='ocr_line' id='line_1_32' title="bbox 144 3769 1311 3856; baseline 0 -21"><span class='ocrx_word' id='word_1_261' title='bbox 144 3832 148 3836; x_wconf 82' lang='grc'><strong>,</strong></span> <span class='ocrx_word' id='word_1_262' title='bbox 169 3778 282 3838; x_wconf 89' lang='lat' dir='ltr'>nostre</span> <span class='ocrx_word' id='word_1_263' title='bbox 298 3773 426 3854; x_wconf 90' lang='lat' dir='ltr'>mentis,</span> <span class='ocrx_word' id='word_1_264' title='bbox 437 3773 573 3838; x_wconf 88' lang='lat' dir='ltr'>dicimus</span> <span class='ocrx_word' id='word_1_265' title='bbox 582 3773 616 3838; x_wconf 95' lang='lat' dir='ltr'>in</span> <span class='ocrx_word' id='word_1_266' title='bbox 626 3774 713 3839; x_wconf 90' lang='lat' dir='ltr'>hunc</span> <span class='ocrx_word' id='word_1_267' title='bbox 729 3772 879 3838; x_wconf 90' lang='lat' dir='ltr'>modum:</span> <span class='ocrx_word' id='word_1_268' title='bbox 896 3769 994 3856; x_wconf 79' lang='lat' dir='ltr'>Quod</span> <span class='ocrx_word' id='word_1_269' title='bbox 1009 3771 1199 3854; x_wconf 80' lang='lat' dir='ltr'>gratissima</span> <span class='ocrx_word' id='word_1_270' title='bbox 1215 3769 1311 3835; x_wconf 90' lang='lat' dir='ltr'>nobis</span> 
     </span>
     <span class='ocr_line' id='line_1_33' title="bbox 172 3878 1312 3966; baseline -0.001 -21"><span class='ocrx_word' id='word_1_271' title='bbox 172 3879 307 3964; x_wconf 86' lang='lat' dir='ltr'>cognitu</span> <span class='ocrx_word' id='word_1_272' title='bbox 324 3879 387 3946; x_wconf 84' lang='lat' dir='ltr'>luit</span> <span class='ocrx_word' id='word_1_273' title='bbox 403 3903 461 3965; x_wconf 91' lang='lat' dir='ltr'>per</span> <span class='ocrx_word' id='word_1_274' title='bbox 487 3879 576 3946; x_wconf 89' lang='lat' dir='ltr'>illius</span> <span class='ocrx_word' id='word_1_275' title='bbox 602 3882 715 3966; x_wconf 85' lang='lat' dir='ltr'>gravia</span> <span class='ocrx_word' id='word_1_276' title='bbox 741 3887 774 3946; x_wconf 91' lang='lat' dir='ltr'>et</span> <span class='ocrx_word' id='word_1_277' title='bbox 794 3880 923 3947; x_wconf 88' lang='lat' dir='ltr'>urbana</span> <span class='ocrx_word' id='word_1_278' title='bbox 938 3878 1036 3944; x_wconf 87' lang='lat' dir='ltr'>verba</span> <span class='ocrx_word' id='word_1_279' title='bbox 1061 3879 1185 3962; x_wconf 91' lang='lat' dir='ltr'>optima</span> <span class='ocrx_word' id='word_1_280' title='bbox 1201 3879 1312 3962; x_wconf 84' lang='lat' dir='ltr'>Regia</span> 
     </span>
     <span class='ocr_line' id='line_1_34' title="bbox 173 3985 1312 4074; baseline -0.001 -21"><span class='ocrx_word' id='word_1_281' title='bbox 173 3989 313 4055; x_wconf 90' lang='lat' dir='ltr'>intentio</span> <span class='ocrx_word' id='word_1_282' title='bbox 330 3995 364 4055; x_wconf 91' lang='lat' dir='ltr'>et</span> <span class='ocrx_word' id='word_1_283' title='bbox 380 3988 551 4072; x_wconf 90' lang='lat' dir='ltr'>dispositio</span> <span class='ocrx_word' id='word_1_284' title='bbox 567 3989 724 4056; x_wconf 88' lang='lat' dir='ltr'>servande</span> <span class='ocrx_word' id='word_1_285' title='bbox 741 3996 774 4054; x_wconf 91' lang='lat' dir='ltr'>et</span> <span class='ocrx_word' id='word_1_286' title='bbox 789 3985 1010 4074; x_wconf 86' lang='lat' dir='ltr'>perpetuande</span> <span class='ocrx_word' id='word_1_287' title='bbox 1036 3988 1206 4053; x_wconf 90' lang='lat' dir='ltr'>nobiscum</span> <span class='ocrx_word' id='word_1_288' title='bbox 1221 3986 1312 4052; x_wconf 89' lang='lat' dir='ltr'>beni·</span> 
     </span>
     <span class='ocr_line' id='line_1_35' title="bbox 174 4097 1313 4182; baseline -0.002 -20"><span class='ocrx_word' id='word_1_289' title='bbox 174 4097 317 4163; x_wconf 90' lang='lat' dir='ltr'>volentie</span> <span class='ocrx_word' id='word_1_290' title='bbox 334 4103 367 4163; x_wconf 88' lang='lat' dir='ltr'>et</span> <span class='ocrx_word' id='word_1_291' title='bbox 384 4098 537 4182; x_wconf 85' lang='lat' dir='ltr'>amicitie,</span> <span class='ocrx_word' id='word_1_292' title='bbox 564 4104 598 4163; x_wconf 90' lang='lat' dir='ltr'>et</span> <span class='ocrx_word' id='word_1_293' title='bbox 624 4099 707 4164; x_wconf 87' lang='lat' dir='ltr'>hanc</span> <span class='ocrx_word' id='word_1_294' title='bbox 733 4097 870 4164; x_wconf 89' lang='lat' dir='ltr'>eandem</span> <span class='ocrx_word' id='word_1_295' title='bbox 887 4119 958 4164; x_wconf 90' lang='lat' dir='ltr'>esse</span> <span class='ocrx_word' id='word_1_296' title='bbox 985 4102 1127 4162; x_wconf 90' lang='lat' dir='ltr'>mentem</span> <span class='ocrx_word' id='word_1_297' title='bbox 1145 4101 1178 4161; x_wconf 90' lang='lat' dir='ltr'>et</span> <span class='ocrx_word' id='word_1_298' title='bbox 1193 4116 1313 4180; x_wconf 91' lang='lat' dir='ltr'>propo·</span> 
     </span>
     <span class='ocr_line' id='line_1_36' title="bbox 84 4205 1312 4306; baseline -0.002 -35"><span class='ocrx_word' id='word_1_299' title='bbox 84 4289 89 4306; x_wconf 65' lang='lat'>,</span> <span class='ocrx_word' id='word_1_300' title='bbox 171 4207 273 4273; x_wconf 90' lang='lat' dir='ltr'>situm</span> <span class='ocrx_word' id='word_1_301' title='bbox 291 4211 448 4286; x_wconf 88' lang='lat' dir='ltr'>nostrum,</span> <span class='ocrx_word' id='word_1_302' title='bbox 465 4206 612 4272; x_wconf 89' lang='lat' dir='ltr'>volumus</span> <span class='ocrx_word' id='word_1_303' title='bbox 628 4205 751 4272; x_wconf 85' lang='lat' dir='ltr'>habeat</span> <span class='ocrx_word' id='word_1_304' title='bbox 769 4228 828 4291; x_wconf 90' lang='lat' dir='ltr'>pro</span> <span class='ocrx_word' id='word_1_305' title='bbox 845 4211 1019 4289; x_wconf 87' lang='lat' dir='ltr'>comperto,</span> <span class='ocrx_word' id='word_1_306' title='bbox 1035 4210 1072 4270; x_wconf 91' lang='lat' dir='ltr'>ut</span> <span class='ocrx_word' id='word_1_307' title='bbox 1098 4205 1152 4287; x_wconf 90' lang='lat' dir='ltr'>qui</span> <span class='ocrx_word' id='word_1_308' title='bbox 1180 4225 1312 4288; x_wconf 90' lang='lat' dir='ltr'>semper</span> 
     </span>
     <span class='ocr_line' id='line_1_37' title="bbox 172 4313 1313 4398; baseline -0.002 -18"><span class='ocrx_word' id='word_1_309' title='bbox 172 4316 394 4383; x_wconf 84' lang='lat' dir='ltr'>intelleximus</span> <span class='ocrx_word' id='word_1_310' title='bbox 421 4317 504 4382; x_wconf 85' lang='lat' dir='ltr'>tales</span> <span class='ocrx_word' id='word_1_311' title='bbox 529 4317 615 4382; x_wconf 90' lang='lat' dir='ltr'>inter</span> <span class='ocrx_word' id='word_1_312' title='bbox 640 4339 699 4383; x_wconf 91' lang='lat' dir='ltr'>nos</span> <span class='ocrx_word' id='word_1_313' title='bbox 725 4315 845 4382; x_wconf 89' lang='lat' dir='ltr'>habere</span> <span class='ocrx_word' id='word_1_314' title='bbox 870 4315 1084 4396; x_wconf 89' lang='lat' dir='ltr'>conditiones,</span> <span class='ocrx_word' id='word_1_315' title='bbox 1101 4313 1189 4398; x_wconf 88' lang='lat' dir='ltr'>quod</span> <span class='ocrx_word' id='word_1_316' title='bbox 1207 4335 1313 4380; x_wconf 91' lang='lat' dir='ltr'>como-</span> 
     </span>
     <span class='ocr_line' id='line_1_38' title="bbox 170 4421 1309 4508; baseline -0.001 -18"><span class='ocrx_word' id='word_1_317' title='bbox 170 4425 248 4492; x_wconf 87' lang='lat' dir='ltr'>dum</span> <span class='ocrx_word' id='word_1_318' title='bbox 263 4431 323 4492; x_wconf 86' lang='lat' dir='ltr'>out</span> <span class='ocrx_word' id='word_1_319' title='bbox 337 4425 546 4493; x_wconf 89' lang='lat' dir='ltr'>incomodum</span> <span class='ocrx_word' id='word_1_320' title='bbox 562 4427 699 4492; x_wconf 87' lang='lat' dir='ltr'>alterius</span> <span class='ocrx_word' id='word_1_321' title='bbox 726 4431 833 4492; x_wconf 86' lang='lat' dir='ltr'>status</span> <span class='ocrx_word' id='word_1_322' title='bbox 851 4425 894 4490; x_wconf 89' lang='lat' dir='ltr'>ab</span> <span class='ocrx_word' id='word_1_323' title='bbox 912 4423 1016 4491; x_wconf 89' lang='lat' dir='ltr'>altero</span> <span class='ocrx_word' id='word_1_324' title='bbox 1032 4423 1224 4508; x_wconf 86' lang='lat' dir='ltr'>neutiquam</span> <span class='ocrx_word' id='word_1_325' title='bbox 1248 4421 1309 4489; x_wconf 91' lang='lat' dir='ltr'>dis·</span> 
     </span>
     <span class='ocr_line' id='line_1_39' title="bbox 166 4535 1304 4626; baseline -0.004 -27"><span class='ocrx_word' id='word_1_326' title='bbox 166 4537 316 4626; x_wconf 83' lang='lat' dir='ltr'>junctum</span> <span class='ocrx_word' id='word_1_327' title='bbox 341 4556 410 4600; x_wconf 90' lang='lat' dir='ltr'>esse</span> <span class='ocrx_word' id='word_1_328' title='bbox 434 4557 539 4624; x_wconf 90' lang='lat' dir='ltr'>posse,</span> <span class='ocrx_word' id='word_1_329' title='bbox 564 4536 742 4604; x_wconf 89' lang='lat' dir='ltr'>amavimus</span> <span class='ocrx_word' id='word_1_330' title='bbox 769 4535 880 4624; x_wconf 83' lang='lat' dir='ltr'>igitur,</span> <span class='ocrx_word' id='word_1_331' title='bbox 911 4555 1057 4600; x_wconf 88' lang='lat' dir='ltr'>amamus</span> <span class='ocrx_word' id='word_1_332' title='bbox 1083 4538 1116 4596; x_wconf 91' lang='lat' dir='ltr'>et</span> <span class='ocrx_word' id='word_1_333' title='bbox 1146 4537 1304 4616; x_wconf 89' lang='lat' dir='ltr'>perpetuo</span> 
     </span>
    </p>
   </div>
   <div class='ocr_carea' id='block_1_5' title="bbox 0 0 1684 5258">
    <p class='ocr_par' dir='ltr' id='par_1_5' title="bbox 0 0 1684 5258">
     <span class='ocr_line' id='line_1_40' title="bbox 0 0 1684 5258; baseline 0 0"><span class='ocrx_word' id='word_1_334' title='bbox 0 0 1684 5258; x_wconf 95' lang='lat' dir='ltr'> </span> 
     </span>
    </p>
   </div>
  </div>
 </body>
</html>
