3336 5258
420 306 484 370 446
773 327 1008 374 orruouacurnr
1023 316 1190 374 nunbuuu.

418 508 494 553 vero
519 488 620 553 insule
646 485 800 572 predicte,
815 489 1033 574 provideatur,
1051 495 1150 573 prout
1176 487 1208 552 in
1235 493 1328 571 parte
1354 487 1546 572 Sapientum

417 601 504 660 terre
519 594 611 661 firme
626 596 821 680 continetur,
845 603 914 662 tam
940 595 980 662 de
1007 597 1173 681 provisore
1199 597 1357 681 eligenda
1382 619 1482 685 quam
1508 597 1547 664 de

415 702 550 769 familia.
566 703 615 771 Et
631 711 691 770 ect.
1473 697 1475 700 ⁵

523 811 575 878 De
590 821 685 898 parte
731 854 774 863 —
822 817 872 878 69.

815 995 879 1061 Die
897 998 947 1062 23.
963 995 1146 1080 Februarij.

521 1120 585 1186 Die
600 1121 748 1206 predicto
765 1120 854 1188 facta
869 1120 933 1188 luit
948 1122 1071 1188 noticia
1087 1121 1176 1188 dicto
1192 1119 1315 1187 (inmiti
1331 1119 1356 1184 J
1357 1121 1456 1186 oanni
1472 1142 1547 1204 par·

414 1230 457 1296 tis
483 1235 515 1296 et
539 1229 786 1296 deliberationis
811 1229 956 1314 predicte
972 1252 1031 1314 per
1047 1228 1222 1314 Aloysium
1238 1227 1429 1312 Saguudino
1454 1235 1547 1294 nota

413 1339 499 1404 rium
512 1337 609 1422 juxta
624 1337 815 1404 mandatum
831 1343 865 1403 et
880 1337 1079 1404 voluntatem
1096 1335 1253 1422 Dominij.

519 1502 676 1563 (Velenczei
690 1503 870 1568 allamktiuyv
885 1507 943 1554 162.
957 1504 987 1566 1.)

900 1665 1059 1673 *-

941 1903 1016 1966 295.

414 2067 507 2130 1480.
533 2064 563 2128 A
591 2064 741 2128 oeleecaei
766 2064 985 2130 dllomtcuu'es
1012 2062 1208 2150 Fraapepda
1235 2063 1382 2128 Jeaosne'
1407 2061 1547 2124 lcc'rclavc

410 2173 642 2238 kbcctkezte‘bea
659 2197 680 2237 a
697 2174 814 2260 aepliai
837 2175 968 2259 szipetre
994 2174 1202 2261 lcormcinyzo‘t
1226 2171 1363 2252 edlaszt,
1378 2195 1399 2235 c
1413 2170 1546 2256 pro'fne't
1584 2239 1589 2244 ,

739 2283 837 2370 pediq
853 2283 1205 2369 belbe‘reedve'foyadja.

408 2439 719 2508 Mocecuxxx.
738 2442 790 2506 die
807 2441 892 2508 XX.
910 2441 1095 2527 Februarij.

409 2549 471 2616 Ser
491 2549 527 2614 M
530 2571 625 2617 arcus
643 2550 784 2618 Venerio
1045 2550 1166 2619 Nullus
1183 2555 1232 2615 est
1245 2548 1315 2616 dies
1327 2547 1439 2614 etsere
1452 2547 1544 2624 hora,
1566 2542 1573 2554 '

408 2655 469 2724 Ser
485 2656 719 2724 Constantinus
737 2657 778 2724 de
794 2658 905 2724 Paulis
1001 2681 1067 2743 qua
1082 2680 1149 2724 non
1166 2659 1209 2723 sit
1226 2657 1269 2723 ad
1285 2664 1398 2741 portas
1410 2655 1544 2720 audieu-

408 2765 469 2832 Ser
483 2766 656 2832 Bertucius
674 2765 811 2832 Gabriel
999 2769 1046 2832 tie
1059 2774 1171 2833 nostre
1196 2767 1340 2832 Domina
1365 2763 1544 2831 comitissa

407 2871 578 2957 Sapientes
594 2881 682 2939 terre
698 2873 799 2939 firme.
999 2896 1082 2941 uxor
1107 2874 1247 2942 Comitis
1267 2873 1293 2939 J
1293 2875 1408 2941 oannis
1424 2871 1543 2958 Vegle‚

405 2965 546 3064 petmrdo
572 2989 605 3048 et
630 2983 782 3049 instando
809 2982 1050 3066 expeditionem
1082 3005 1180 3049 cause
1211 2990 1245 3048 et
1277 2982 1413 3048 materie
1439 2982 1544 3064 ipsius

405 3089 526 3171 Insule,
552 3097 585 3157 et
608 3091 759 3157 ultimate
785 3092 964 3157 constituta
989 3113 1100 3158 coram
1125 3091 1280 3158 Dominio
1306 3096 1420 3156 nostro
1447 3090 1543 3171 dixit,
1603 3149 1611 3162 ,

405 3199 493 3281 quod
519 3205 694 3282 postquam
710 3199 864 3265 Dominio
890 3205 1003 3266 nostro
1028 3221 1093 3264 uon
1117 3199 1254 3282 videtur,
1281 3199 1370 3282 quod
1401 3201 1543 3264 maritus

405 3325 482 3371 suus
498 3312 684 3373 revertatur
709 3307 752 3373 ad
769 3308 887 3374 dictam
914 3309 1062 3389 insulam,
1079 3313 1113 3374 et
1136 3308 1205 3391 ipse
1230 3329 1295 3373 nou
1320 3306 1544 3391 acceptaverit

404 3414 538 3482 ducatos
569 3418 657 3483 mille
689 3419 722 3484 in
749 3439 833 3484 anno
856 3419 955 3503 juxta
980 3417 1250 3484 deliberationem
1275 3416 1373 3502 hujus
1400 3415 1541 3497 consilij,

404 3523 621 3592 existimando
648 3548 713 3592 uon
739 3529 856 3614 mererj
883 3526 1097 3612 privationem
1122 3525 1224 3611 ipsius
1259 3525 1373 3604 insule,
1401 3523 1474 3607 ipsa
1505 3529 1545 3587 ut

403 3631 473 3697 filia
489 3633 757 3700 obedientissima
777 3637 920 3721 Dominij
942 3636 1045 3701 nostri
1072 3633 1291 3718 supplicabat,
1307 3633 1395 3717 quod
1420 3631 1481 3698 sibi
1509 3619 1567 3696 et*

403 3739 469 3804 filie
486 3744 723 3810 concederetur
739 3744 880 3810 facultas
896 3745 994 3811 eundi
1011 3743 1152 3829 Veglam
1172 3742 1215 3807 ad
1232 3741 1362 3806 domum
1389 3760 1490 3821 suam,
1508 3746 1544 3804 et
1647 3747 1650 3759 '

403 3849 545 3916 habendi
562 3852 718 3919 introitus
737 3858 770 3919 et
783 3853 907 3920 fructus
924 3876 998 3920 suos
1016 3861 1049 3920 et
1064 3855 1151 3920 bona
1167 3873 1226 3917 sua
1242 3851 1377 3917 mobilia
1394 3856 1463 3914 tam
1478 3870 1540 3932 pro

405 3959 492 4024 rictu
508 3961 618 4026 mariti
635 3961 692 4043 soi,
709 3963 766 4046 qui
791 3968 829 4027 ut
854 3961 1138 4028 obedientissimus
1164 3959 1267 4026 stabit
1293 3965 1325 4024 et
1349 3959 1403 4024 hic
1419 3964 1453 4024 et
1468 3957 1542 4023 ubi·

405 4087 534 4149 cunque
561 4067 704 4134 voluerit
730 4069 916 4150 dominium,
934 4091 1031 4154 quam
1056 4090 1116 4154 pro
1133 4069 1221 4135 victu
1247 4091 1305 4134 suo
1332 4075 1365 4134 et
1380 4069 1543 4134 maritare

402 4173 471 4259 ejus
495 4172 572 4260 filie,
598 4197 660 4260 que
692 4197 752 4243 sua
781 4178 897 4261 petitio
924 4176 1196 4260 quemadmodum
1230 4181 1280 4241 est
1310 4175 1456 4258 honesta,
1489 4230 1498 4240 .

400 4284 499 4349 etiam
514 4289 622 4367 potest
648 4288 796 4370 reputari
824 4287 932 4353 aliena
947 4310 968 4354 a
983 4287 1152 4354 voluntate
1177 4287 1281 4352 nostri
1299 4283 1455 4369 Dominij,
1473 4305 1540 4368 que

401 4396 451 4456 est
465 4397 503 4456 ut
518 4413 578 4475 pro
596 4415 681 4458 nunc
697 4393 858 4460 habeatur
881 4395 1075 4479 gubernatio
1100 4395 1202 4480 ipsius
1225 4393 1339 4474 insule,
1356 4399 1390 4457 et
1406 4413 1481 4480 ¹mon
1502 4398 1543 4456 nt

401 4497 582 4565 habeantur
613 4502 767 4567 introitus
795 4503 899 4586 ipsius
925 4501 1063 4570 Comitis
1089 4502 1238 4588 Joannis,
1265 4522 1368 4584 quare
1389 4521 1468 4564 cum
1494 4501 1542 4565 sit
