3356 5266
379 306 443 370 144
736 324 969 372 nrrnouuozur
986 312 1155 372 smnus.

378 488 491 548 nostra
516 481 720 568 reputatione
736 504 801 548 non
816 481 1050 566 labelaotetur;
1076 483 1165 568 quod
1180 487 1360 552 certissime
1377 486 1517 560 eveniet,

379 589 406 654 si
423 586 544 656 Orator
561 590 684 656 electus
698 589 740 656 ad
757 589 949 674 Vaqsodam
964 599 1050 658 terre
1070 614 1152 659 nove
1168 593 1273 678 iverit,
1297 616 1318 662 a
1334 613 1399 679 qua
1423 593 1515 674 lega-

378 695 467 760 tione
484 697 609 762 nnllum
625 697 744 763 bonum
770 698 966 780 sperandum
992 704 1051 780 est,
1077 705 1205 766 attenta
1230 699 1418 767 conditione
1442 720 1517 783 pre-

379 803 459 870 dicti
475 803 632 888 Vayvode
648 803 789 870 hominis
807 805 921 885 minus,
940 826 1038 889 quam
1057 806 1230 872 mediocris
1245 808 1464 892 reputationis
1480 817 1515 874 et

378 917 504 983 attenta
518 911 622 978 forma
638 914 811 979 verborum
827 919 860 979 et
876 913 1096 998 requisitionis
1111 935 1187 996 sue;
1207 921 1240 980 et
1256 915 1374 1000 Nuntij
1393 915 1435 982 ad
1453 937 1514 981 nos

377 1021 478 1102 missi,
493 1042 557 1104 que
573 1021 696 1102 vanior,
711 1026 745 1088 et
759 1019 861 1086 levior
877 1042 946 1087 esse
963 1043 1027 1086 non
1044 1023 1157 1107 possit,
1172 1023 1228 1106 qui
1244 1044 1356 1089 omnes
1388 1043 1518 1108 respec-

377 1135 430 1194 tus
445 1128 583 1195 suadent
599 1128 772 1196 Oratorem
790 1129 896 1214 ipsum
912 1129 1105 1196 mittendum
1121 1153 1187 1196 non
1203 1152 1282 1198 esse.
1301 1129 1406 1200 Vadit
1421 1153 1515 1216 pars:

378 1236 466 1320 quod
480 1237 699 1321 suspendatur
714 1259 773 1322 pro
790 1259 875 1304 nune
890 1240 1001 1304 missio
1018 1237 1171 1304 Oratoris
1187 1240 1291 1324 ipsius
1307 1245 1340 1304 et
1356 1247 1415 1306 eet.

486 1346 529 1430 ΔΓ
575 1349 617 1411 er
665 1381 709 1394 -
757 1352 774 1412 r
822 1380 865 1394 -
914 1351 943 1412 a

489 1508 644 1570 (Velencaei
657 1509 840 1574 elnmkonyv
854 1514 895 1561 59.
910 1511 939 1572 l.)

915 1891 967 1950 96.

379 2049 474 2112 1469.
491 2045 520 2110 A
535 2048 686 2112 odaucer·
701 2047 1063 2114 auammnocomcliet
1080 2050 1206 2116 Miletos
1220 2049 1314 2136 accpi
1329 2049 1451 2114 aesca
1467 2062 1514 2114 ott

375 2156 577 2220 moraddaro
593 2155 672 2234 inci,
688 2157 720 2219 dc
736 2179 757 2220 a
772 2159 862 2241 teupi
882 2156 1071 2243 profolcoalc
1095 2159 1227 2224 minden
1252 2158 1400 2222 kitellsetd
1415 2157 1513 2222 ottol-

860 2277 927 2328 mot
945 2265 1026 2352 iper.

375 2419 728 2492 MGOCOLXVIIII.
745 2421 798 2488 die
816 2421 939 2488 XXII.
956 2420 1118 2490 Octobris.

482 2529 543 2597 Ser
558 2527 700 2598 Nicolao
716 2531 874 2597 Michaeli
899 2533 1044 2612 Doctori,
1071 2529 1206 2598 Oratori
1231 2539 1345 2598 nostro
1370 2529 1414 2596 ad
1436 2553 1514 2614 par-

376 2645 426 2704 tes
443 2638 562 2722 Segne.

376 2752 395 2810 2
413 2746 584 2830 Sapientes
591 2746 756 2853 Q)
805 2746 990 2813 intellectis
1006 2749 1066 2829 his,
1082 2769 1146 2831 que
1162 2755 1274 2814 nostro
1290 2747 1454 2825 Dominio,
1469 2768 1510 2811 ac

375 2855 574 2922 Rectoribus
600 2855 698 2921 Istrie
723 2857 897 2922 novissime
923 2856 1027 2921 literis
1053 2856 1173 2922 vestris
1198 2855 1239 2920 de
1267 2855 1411 2921 aduentu
1427 2851 1513 2918 'l'nr-

374 2963 509 3028 ehorum
525 2969 558 3028 et
574 2962 812 3046 provisionibus
829 2961 936 3044 lactis,
960 2962 1133 3028 laudamus
1157 2962 1361 3046 diligentiam
1385 2967 1419 3027 et
1443 2968 1513 3026 stu·

375 3069 463 3136 dium
480 3077 631 3152 vestrum,
647 3075 681 3134 et
697 3069 964 3153 magnifacientes
983 3091 1156 3155 personam
1181 3075 1323 3136 vestram
1348 3089 1408 3153 pro
1433 3090 1511 3150 pru·

375 3179 487 3244 dentis
503 3185 536 3242 et
552 3178 778 3260 magnitudine
794 3179 894 3244 animi
911 3179 1021 3260 vestri,
1040 3199 1137 3262 qnam
1154 3199 1214 3261 pro
1230 3176 1343 3243 lutura
1367 3175 1512 3242 arbitra-

374 3307 446 3350 mur
461 3285 558 3349 rebus
579 3284 795 3350 Dominorum
821 3285 951 3350 illorum
979 3283 1227 3350 advenientibus
1252 3282 1369 3349 'furcis
1394 3288 1511 3350 contra

374 3412 437 3455 eos.
453 3391 537 3456 Etsi
547 3391 768 3474 superioribus
783 3392 899 3457 diebus
915 3391 1006 3457 vobis
1021 3390 1206 3456 dederimus
1221 3391 1384 3456 licentiam
1401 3395 1511 3472 repat-

374 3499 492 3578 riandi,
523 3499 714 3565 mandemus
740 3500 918 3566 vobiscum
935 3506 1046 3564 nostro
1063 3497 1210 3564 Consilio
1235 3497 1447 3582 Rogatorum,
1471 3503 1509 3560 nt

373 3606 449 3671 inde
465 3629 529 3672 non
545 3607 721 3673 discedatis
737 3607 833 3673 modo
850 3609 969 3690 aliquo,
985 3606 1042 3674 sed
1057 3606 1102 3672 ibi
1118 3607 1341 3690 permaneatis
1356 3625 1417 3690 pro
1432 3603 1509 3667 hor-

373 3717 495 3778 tamine
521 3721 554 3779 et
579 3716 819 3798 reputationem
845 3715 976 3780 illorum
992 3713 1217 3794 Dominorum,
1247 3713 1461 3796 quendusque
1486 3733 1509 3775 a

372 3819 465 3886 nobis
483 3820 572 3887 aliud
588 3822 770 3888 habueritis
795 3824 829 3886 in
853 3822 1025 3887 mandatis.
1051 3823 1098 3888 nt
1125 3822 1152 3886 si
1178 3827 1312 3906 propter
1328 3842 1384 3885 eas
1400 3819 1510 3903 provi-

373 3929 478 3994 siones
494 3929 550 3994 isti
566 3929 701 3995 Domini
717 3929 863 4010 fecerint,
889 3927 1038 3994 videbitis
1063 3949 1144 4012 opus
1160 3949 1229 3992 esse
1253 3950 1336 3993 novo
1352 3925 1509 4010 presidio,

372 4059 481 4102 snmus
507 4040 650 4103 contenti
666 4039 699 4102 in
716 4038 777 4103 hoc
793 4059 879 4116 casu,
906 4037 993 4120 quod
1019 4037 1186 4118 requirere
1203 4037 1334 4120 possitis
1350 4056 1509 4120 quoscun-

371 4165 434 4227 que
451 4151 594 4211 rectores
605 4153 732 4211 nostros
744 4144 984 4230 Istrie,Ohersi,
1000 4143 1131 4224 Anteri,
1151 4143 1244 4228 Pagi,
1264 4141 1350 4209 Arbi
1367 4165 1406 4209 ao
1422 4142 1507 4208 alio-

371 4253 794 4320 rumlooorumnostrorum
810 4259 846 4318 ut
863 4253 903 4318 de
914 4253 1109 4337 gentibuset
1120 4253 1396 4337 alijsneocssarijs
1413 4251 1507 4316 vobis

371 4362 574 4446 provideant,
589 4362 686 4427 sicuti
702 4363 792 4428 vobis
808 4360 981 4442 videbitur,
997 4361 1116 4444 quibus
1132 4383 1191 4446 per
1208 4360 1363 4442 alligatas
1389 4359 1507 4426 scribi-

371 4491 443 4535 mus
461 4479 493 4535 et
518 4470 719 4550 mandamus,
735 4477 771 4536 ut
797 4470 945 4554 requisiti
970 4490 991 4534 a
1015 4469 1105 4534 vobis
1132 4469 1287 4536 obediant
1313 4489 1506 4553 quecunque
