3356 5266
350 353 411 416 148
683 368 916 417 nrrnonacmar
936 349 1102 417 unrbuau.

345 539 476 597 tuerent
493 541 526 596 et
539 533 666 596 deserta
683 533 915 616 relinquerant,
930 533 1091 616 impositis
1107 531 1259 616 presidijs
1277 533 1395 598 nostris
1411 553 1481 597 ous-

344 641 517 705 todirimus
541 648 574 703 et
598 644 864 724 conservavimus,
897 641 1055 724 pleneque
1090 641 1263 723 profugam
1294 642 1328 704 iu
1363 661 1474 705 eorum

346 749 458 812 domos
493 747 601 813 reduci
625 751 821 826 curavimus;
846 771 911 832 quo
937 749 1091 814 beneficio
1119 756 1233 820 otene
1258 749 1366 813 future
1389 746 1477 812 illius

346 857 485 921 civitatis
518 857 633 921 salutis
663 864 694 920 ot
725 855 959 922 incolumitatis
990 857 1096 936 vincti,
1112 861 1180 921 tam
1213 857 1348 936 domini,
1380 876 1478 939 quam

346 963 436 1048 plebs
462 964 602 1028 civitatis
628 964 772 1047 predicte
797 963 886 1028 illam
913 963 1007 1030 nobis
1032 967 1113 1028 etin
1143 985 1240 1029 manu
1266 972 1298 1029 et
1314 971 1480 1048 potestate

346 1079 468 1152 nostra,
494 1080 530 1136 ut
554 1072 755 1138 habebamus
781 1071 963 1156 relinquere
980 1093 1041 1136 uon
1062 1071 1166 1136 solum
1197 1071 1481 1154 contentabantur,

349 1180 403 1244 sed
429 1181 641 1263 requirebant
667 1187 699 1244 et
724 1179 867 1244 studiose
893 1178 1162 1262 deprecabantur,
1190 1202 1248 1246 nos
1268 1202 1352 1262 vero,
1369 1186 1404 1244 ut
1421 1181 1478 1262 qui

348 1289 526 1353 alienarum
550 1309 657 1352 rerum
684 1287 792 1370 cupidi
824 1307 1031 1370 nequaquam
1058 1308 1178 1372 sumus,
1194 1287 1357 1354 civitatem
1373 1290 1478 1371 ipsam

349 1405 520 1479 acceptare
546 1397 808 1476 detrectarimus‚
833 1397 977 1460 contenti
1004 1396 1161 1462 liberasse
1185 1395 1274 1462 illam
1298 1417 1319 1460 a
1335 1395 1480 1460 'lurcho-

348 1525 421 1572 rum
437 1505 586 1569 nranibus
613 1513 645 1568 et
670 1503 758 1568 illius
774 1503 925 1568 Dominis
945 1523 1156 1570 conservasse.
1182 1504 1228 1569 Et
1245 1502 1321 1568 dum
1337 1502 1483 1586 presidia

348 1621 460 1678 nostra
486 1614 767 1692 revocavissemns‚
792 1612 943 1695 solusque
974 1615 1184 1678 remansisset
1209 1613 1332 1679 Orator
1362 1619 1483 1690 noster,

349 1743 561 1804 supervenere
589 1722 741 1786 nonnulle
758 1727 872 1802 gentes
898 1719 1001 1802 Regia
1028 1718 1214 1803 Majestatis
1242 1719 1423 1803 Hungarie,
1448 1726 1483 1783 et

349 1829 512 1894 civitatem
529 1828 710 1912 predictam
737 1827 890 1911 expulsis,
918 1825 1164 1908 deturbatisque
1194 1825 1259 1890 illis
1285 1826 1484 1911 pauperibus

351 1936 532 2002 (moriribus
556 1937 794 2018 antiquissimis
826 1935 965 2000 dominis
997 1955 1202 2019 occupavere,
1234 1957 1301 2000 rem
1332 1934 1483 2019 profecto

350 2045 554 2110 miseratione
572 2046 712 2128 dignam,
724 2052 758 2109 ut
770 2045 895 2110 scilicet
911 2045 1137 2128 antiquissima
1154 2051 1185 2110 et
1202 2045 1402 2110 nobilissima
1420 2043 1481 2107 illa

351 2152 476 2217 Domus
492 2155 539 2218 ita
558 2155 777 2237 extinguatur.
796 2152 868 2218 Hee
884 2159 921 2216 ut
939 2173 971 2215 se
987 2151 1110 2216 babent
1128 2151 1372 2218 Beatitudinem
1390 2156 1483 2215 ante·

350 2262 472 2326 dictam
488 2270 521 2326 et
537 2263 564 2325 si
581 2264 719 2328 antehae
735 2263 774 2326 de
792 2261 929 2325 ueritate
956 2260 1047 2326 illam
1068 2260 1275 2326 informatam
1299 2259 1398 2324 fuisse
1415 2279 1484 2322 cre-

351 2367 473 2452 damus,
491 2371 660 2437 notificata
675 2378 784 2435 tamen
803 2390 860 2452 per
876 2391 932 2434 vos
949 2376 1060 2432 nostro
1077 2369 1205 2434 nomine
1222 2367 1390 2432 voluimus.

459 2479 501 2564 4-
552 2484 613 2543 132
662 2517 703 2525 --
750 2489 769 2544 o
819 2515 859 2524 —
910 2483 923 2540 1

459 2643 613 2705 (Velenozei
628 2641 805 2705 allanrkonyv
820 2645 860 2690 66.
877 2643 906 2701 l.)

881 3077 953 3136 loo,

355 3257 450 3318 1469.
482 3253 512 3316 A
540 3254 688 3318 velenraei
713 3253 934 3318 altrinsecas
959 3253 1048 3337 zenpi
1071 3253 1189 3316 triverat
1214 3251 1341 3336 belybea
1370 3274 1483 3313 maru·
1552 3323 1554 3328 Ι

352 3366 453 3427 ddsro
469 3365 607 3446 ataaitjo
632 3387 710 3427 naon
726 3363 830 3440 ololnil,
846 3363 941 3426 micel
968 3364 1110 3448 Maqyar
1136 3361 1325 3424 Roldzanalr
1350 3367 1484 3424 ocazane·

546 3473 703 3536 terruerant
720 3496 741 3534 a
759 3473 846 3536 lebret
862 3472 1047 3534 eliadnln'sc
1063 3474 1144 3534 aldo
1161 3469 1299 3534 artesii-lt.

354 3647 696 3717 MCCOOLXVIIH.
713 3650 764 3714 die
781 3649 898 3716 XXV.
915 3649 1120 3716 Novembris.

461 3775 548 3858 Quia
564 3783 635 3859 post
652 3778 761 3841 datam
780 3776 946 3842 licentiam
963 3773 1076 3840 Nobili
1087 3775 1170 3840 Viro
1182 3773 1319 3839 Nicolao
1330 3772 1483 3851 Michael.

355 3883 501 3964 Ductori,
519 3881 654 3948 Oratori
670 3891 780 3949 nostro
805 3884 848 3948 ad
864 3883 1059 3966 Magnifioos
1085 3883 1229 3947 (inmites
1256 3879 1362 3960 Segne
1386 3881 1485 3945 inter-

353 3995 440 4060 venit
474 3993 605 4058 nuntius
639 3992 678 4056 de
711 3992 862 4057 conflictu
888 3993 965 4058 dato
992 3993 1107 4074 Mayer
1139 3989 1239 4056 Balas
1254 3991 1280 4075 ¹)
1309 3989 1483 4072 capitaneo

353 4102 453 4184 Regis
470 4103 650 4186 Hungarie.
667 4123 725 4186 per
741 4103 978 4186 suprascriptos
990 4101 1147 4164 Dominos
1163 4098 1242 4163 facit
1261 4098 1397 4161 multum
1422 4117 1484 4179 pro

354 4217 465 4276 nostro
490 4214 644 4277 Dominio
670 4212 791 4276 habere
816 4210 883 4275 illis
908 4212 942 4274 in
967 4207 1154 4292 regionibus
1180 4207 1323 4291 aliquem
1353 4206 1484 4270 nomine

354 4321 457 4383 nostri
478 4319 633 4400 Dominij.

466 4557 486 4618 ¹)
499 4555 616 4619 Magyar
628 4554 736 4606 Baltzs.
