3336 5252
24 333 30 588 Ἢ

663 347 759 409 1475.
1215 349 1280 411 295

145 519 361 588 Transilvano
377 544 394 587 e
410 528 498 588 stato
515 525 693 608 proveduto
717 549 776 611 per
792 528 826 593 la
851 526 976 594 ondeta
1003 527 1045 592 de
1061 524 1188 591 Messa·
1202 523 1282 590 Bal·

143 629 252 698 disere
267 629 391 696 Nuntio
407 633 596 716 apostolico,
612 633 752 718 alquale
767 634 889 702 dovera
907 636 1003 702 faria
1017 634 1119 700 vinde
1136 630 1284 700 Venetia.

142 743 177 802 et
194 760 215 803 a
230 745 435 823 presentarse
460 763 481 806 a
497 740 539 807 V.
563 741 794 809 Illustrissima
818 743 972 827 Signoria
997 742 1210 825 Moneignore
1236 739 1278 806 de

140 844 370 926 Ravennam
380 846 424 912 ha
434 848 586 914 mandato
601 850 719 916 lettera
734 851 774 916 de
785 851 881 916 Bada
897 851 937 917 de
953 849 987 915 di
1003 854 1034 917 9.
1044 848 1098 914 del
1114 853 1276 934 presente,

140 953 327 1020 continente
347 957 459 1039 quelle
483 958 656 1024 medesime
682 959 807 1026 novelle
832 960 1053 1027 dell'exercito
1070 966 1104 1025 et
1120 958 1274 1042 apparati

140 1061 312 1146 hungarici
338 1087 356 1131 e
387 1066 427 1131 de
457 1072 544 1132 tutto
575 1069 659 1133 altre
684 1089 767 1151 cose,
799 1069 858 1135 che
889 1091 923 1134 se
953 1069 1102 1135 contione
1117 1067 1151 1132 in
1168 1064 1276 1148 quelle

138 1191 160 1234 a
175 1192 228 1236 me
257 1171 410 1239 mandate
441 1197 500 1257 per
529 1175 565 1240 la
595 1173 751 1260 Signorin
775 1175 906 1242 Vostra.
938 1177 1047 1242 Roma
1076 1172 1274 1244 XXVIIH.

17 1279 18 1284 ’
137 1277 330 1344 Decembris
349 1283 434 1348 1475
460 1281 543 1348 hora
557 1281 682 1349 XXII.

741 1409 910 1477 Antonius
926 1409 1079 1476 Donatus
1095 1407 1227 1476 Orator.

247 1549 281 1618 A
298 1552 412 1619 Pioiro
429 1553 625 1639 Moncenigo
641 1556 737 1623 Duca
752 1557 787 1623 di
803 1556 954 1626 Venetia

247 1717 284 1778 (V
285 1716 403 1768 elenczei
416 1717 617 1784 fflamkonyv.)

622 1919 784 1928 -—-—-

668 2154 742 2216 205.

7 2375 8 2378 ¹
131 2353 232 2416 1475.
251 2349 279 2415 A
296 2350 439 2414 midlaoi
454 2352 613 2438 bcrcchet
629 2353 738 2416 rrimoi
753 2349 925 2435 holdohjei
949 2375 971 2415 o
983 2352 1123 2436 popotol
1139 2375 1161 2416 a
1177 2353 1269 2418 torok

128 2461 229 2539 clleo,
246 2461 378 2546 Morycs
393 2459 505 2542 kiroly
522 2461 643 2524 rescire
668 2459 854 2546 felojdnlott
871 2458 1015 2544 peccioli
1029 2459 1266 2544 aeyelyezeeerol

602 2566 794 2652 traderitjok.

240 2763 350 2830 lii-me
365 2763 524 2848 Princeps
540 2767 573 2828 et
588 2760 873 2830 Excellentissime
888 2761 1037 2846 Domine,
1052 2761 1098 2826 mi
1114 2760 1265 2846 Singula-

125 2872 268 2939 rissime.

239 2997 361 3066 Hanno
378 2998 534 3066 mandato
566 3020 587 3063 a
617 2995 649 3063 S.
680 2996 834 3080 Signorin
858 2995 892 3062 di
918 2996 1062 3066 Venezia
1080 2997 1207 3080 lettere,
1222 2998 1264 3066 de

127 3107 224 3192 quell
240 3105 392 3190 Oratore,
409 3107 468 3172 ohe
488 3113 542 3172 sta
558 3127 715 3190 appresso
741 3105 772 3170 el
787 3105 839 3170 Re
855 3105 877 3168 d
895 3103 1063 3187 Ungheria
1077 3112 1111 3171 et
1126 3108 1194 3172 cosi
1210 3107 1265 3173 del

124 3213 279 3281 Vescovo
290 3213 518 3294 Tranoilvan0‚
528 3212 691 3278 chiamato
701 3212 773 3278 Fra
784 3209 938 3278 Gabriele
948 3235 1007 3296 per
1016 3212 1050 3278 la
1059 3216 1264 3297 promotione

123 3323 183 3388 del
199 3323 298 3406 quale
313 3323 347 3388 el
363 3321 579 3389 cardinalato
596 3343 668 3386 esso
684 3321 735 3386 Rc
758 3321 801 3387 ha
824 3327 921 3386 tanto
936 3321 1059 3386 instato
1075 3327 1110 3387 et
1124 3323 1213 3389 insta
1228 3329 1263 3389 et

122 3430 287 3510 credemo,
302 3432 362 3496 ohe
378 3430 450 3496 dele
465 3431 569 3514 prime
584 3431 788 3513 promotione
804 3451 837 3495 se
855 3429 1041 3496 haverenne
1058 3430 1171 3517 afore,
1189 3452 1264 3496 nera

121 3541 163 3605 la
188 3561 256 3620 sna,
271 3538 390 3622 perche
413 3539 443 3604 le
460 3538 501 3604 de
527 3537 662 3603 l'ordine
679 3536 719 3603 de
736 3536 840 3604 Senot
855 3537 1038 3604 Francesco
1066 3545 1100 3604 et
1117 3541 1160 3606 ha
1175 3539 1264 3606 sama

122 3649 256 3714 d'uomo
281 3646 324 3712 da
348 3647 429 3712 bene
446 3652 479 3711 et
504 3646 640 3726 d'assai3
658 3652 692 3710 et
707 3645 718 3709 i
735 3644 854 3728 quello,
871 3645 925 3711 del
948 3646 1047 3728 quale
1063 3646 1093 3711 el
1110 3647 1261 3730 predicto

121 3755 179 3821 Rc
194 3775 229 3819 se
243 3752 359 3838 adjuta
374 3759 468 3818 tanto
484 3755 519 3818 in
535 3753 565 3818 le
590 3773 664 3818 eoae
680 3751 824 3834 d’Italia,
841 3773 899 3836 per
914 3751 946 3819 lc
962 3753 1041 3836 qual
1056 3753 1173 3820 lettere
1185 3758 1263 3822 sori·

120 3883 220 3944 veno,
235 3883 327 3928 corno
343 3861 373 3926 el
399 3861 449 3927 Re
464 3863 476 3928 i
492 3862 527 3926 in
542 3882 658 3945 campo
683 3883 744 3926 con
760 3862 827 3926 cosi
843 3883 955 3946 presso
981 3862 1123 3927 exercito
1141 3869 1175 3928 et
1190 3883 1264 3946 pre·

121 3979 243 4057 pereto
274 3978 388 4037 contro
405 3971 435 4038 el
468 3970 608 4051 Tarcho,
640 3991 732 4035 como
763 3970 798 4034 la
815 3971 940 4036 Vestra
965 3968 1118 4052 Signoria
1143 3969 1265 4038 havera

123 4081 235 4146 inteso
251 4085 285 4145 et
300 4079 354 4145 del
370 4080 456 4146 bono
473 4079 582 4143 animo
598 4077 638 4143 de
656 4076 689 4144 S.
715 4076 847 4144 Maesta
863 4084 896 4142 et
910 4079 1056 4143 scriveno
1071 4080 1187 4163 quenti,
1204 4081 1264 4148 che

125 4187 218 4253 dicto
233 4189 285 4254 Rc
300 4187 398 4272 parla
412 4188 624 4271 lergamente,
640 4187 700 4252 che
716 4185 781 4251 l’ha
796 4185 885 4252 facto
902 4191 1018 4270 questa
1030 4188 1181 4270 impresa.
1198 4195 1231 4254 et
1246 4212 1265 4254 e

122 4295 155 4362 si
169 4295 270 4360 morsi
285 4316 346 4361 con
361 4295 395 4360 la
409 4315 567 4379 speranza
583 4291 722 4359 d’essere
747 4291 936 4375 subvenuto,
952 4300 986 4358 et
1000 4295 1137 4377 ajutato,
1154 4299 1190 4360 et
1204 4295 1264 4362 che

121 4423 193 4468 non
208 4400 345 4468 escendo
363 4401 543 4468 subveunto
560 4407 594 4465 et
604 4407 716 4484 presto
733 4421 799 4465 non
808 4421 854 4482 sa,
864 4421 935 4467 com
952 4401 982 4466 el
996 4409 1094 4486 potrn
1108 4403 1264 4470 resistere

121 4515 241 4590 contra
258 4512 327 4590 cosi
351 4532 434 4602 gran
460 4510 618 4612 potentia,
643 4514 677 4590 et
693 4511 795 4580 scrire
812 4515 846 4576 et
860 4510 991 4590 ricorde
1007 4511 1036 4578 el
1052 4509 1190 4597 bisogno
1207 4533 1265 4580 nuo
