3332 5252
379 375 443 437 390
728 387 960 434 nrrnounozrnr
977 375 1145 434 suntuna.

378 552 518 618 sentiam
533 549 577 615 ad
602 549 791 616 sumendam
816 550 1058 634 presentialiter
1075 549 1200 614 veniam
1225 549 1351 631 ipsam;
1376 543 1508 630 quando

377 680 454 725 vero
478 659 624 744 prelatus
649 657 722 724 Rex
747 657 790 724 ad
816 657 1018 724 Contentum
1045 663 1078 724 et
1102 657 1236 724 Dietam
1261 653 1397 721 Boemie
1423 659 1509 720 esset

376 765 550 852 proiectus,
565 773 623 832 aut
637 765 751 850 procul
767 767 907 850 abesset,
924 773 956 832 et
971 765 1063 834 brevi
1079 765 1210 832 Budam
1225 767 1313 830 esset
1322 763 1507 830 rediturus:

377 885 552 959 expectare
578 875 697 940 debeat
721 875 789 960 ejus
816 873 1034 941 Serenitatem
1064 880 1138 941 octo
1168 879 1226 939 eut
1256 873 1369 938 deoem
1394 869 1508 936 diebus

377 1006 476 1050 eausa
493 985 680 1051 summende
698 1005 806 1051 eoram
822 984 909 1050 dicte
935 983 1067 1050 lieentie
1083 983 1125 1049 ab
1142 983 1213 1068 ejus
1229 982 1427 1066 Majestate;
1451 979 1509 1044 sed

378 1093 406 1157 si
422 1093 492 1177 ejus
509 1093 634 1158 reditus
650 1093 778 1176 longior
795 1099 882 1159 esset
897 1092 1147 1176 futurus,faeist
1162 1091 1224 1157 hoo
1239 1091 1345 1174 ipsum
1362 1109 1421 1172 per
1436 1088 1510 1154 lite·

378 1221 442 1282 ras,
459 1207 492 1266 et
508 1199 600 1267 illino
615 1199 842 1284 proficiscatur
857 1201 900 1268 ad
915 1223 974 1268 nos
990 1221 1186 1266 reversurus.

485 1305 528 1392 -Ι-
578 1312 641 1374 134
686 1344 729 1357 -
776 1313 796 1372 o
843 1349 887 1360 -
932 1314 962 1374 o.

486 1473 643 1532 (Velenezei
655 1472 853 1540 allamkbnyv.)

863 1618 1022 1630 ---—--.

907 1855 982 1918 264.

379 2018 474 2080 1479.
489 2017 515 2078 A
527 2017 680 2080 velenezei
697 2015 914 2080 dilamtaades
930 2017 1122 2080 batrirozata
1133 2014 1240 2080 Diedo
1250 2015 1343 2078 Pe'ter
1355 2037 1505 2100 mappar-

376 2125 503 2210 orsza‘pi
530 2126 635 2189 ateste
665 2125 788 2190 rn'sztre
812 2126 1014 2210 Fraopepctn
1040 2125 1163 2212 Angeia
1190 2123 1410 2208 pctrtoltoto'sa
1441 2126 1506 2186 tcir-

869 2234 1007 2320 pystus.

377 2387 761 2460 MCCOOLXXVIHI.
777 2393 830 2458 die
848 2391 986 2464 XXVI.
1003 2390 1137 2476 Aprilis.

486 2499 547 2566 Ser
562 2499 674 2566 Pietro
690 2501 808 2583 Diocle,
825 2501 960 2570 Oratori
977 2507 1088 2568 nostro
1105 2501 1139 2564 in
1154 2499 1339 2582 Hungaria.

378 2606 549 2692 Sapientes
565 2608 700 2694 Consilij
851 2609 941 2678 Nota
958 2616 1007 2677 est
1021 2611 1113 2676 robis
1133 2608 1270 2690 novitas,
1286 2629 1349 2691 que
1367 2605 1507 2672 infertur

379 2715 552 2799 Sapientes
569 2723 591 2782 t.
607 2717 628 2781 f.
805 2739 864 2803 per
878 2717 1019 2803 Regiam
1034 2718 1245 2802 Majestatem
1268 2714 1428 2782 fratribus
1444 2712 1507 2779 Oo-

375 2824 508 2890 mitibus
533 2825 574 2890 de
600 2827 835 2910 Frangepanis,
859 2832 893 2892 et
918 2827 1086 2911 presertim
1104 2823 1225 2891 Oomiti
1252 2823 1400 2907 Angelo;
1425 2830 1506 2889 nota

376 2937 427 2996 est
447 2932 526 2997 item
552 2933 643 3000 vobis
660 2939 773 3000 nostra
799 2957 871 3002 oum
895 2933 1157 3020 progenitoribus
1183 2939 1216 2998 et
1236 2937 1322 2998 totta
1336 2930 1394 2998 illa
1409 2929 1507 2998 domo

376 3042 593 3109 vetustissima
623 3041 861 3128 benivolentia;
896 3051 972 3111 sunt
1002 3043 1087 3110 enim
1119 3043 1227 3109 eunoti
1260 3039 1399 3109 Nobiles
1423 3041 1507 3107 eires

375 3154 487 3234 nostri,
503 3157 537 3218 et
553 3154 585 3218 in
603 3154 668 3219 suis
683 3152 851 3220 laboribus
867 3160 900 3221 et
915 3153 1069 3239 perieulis
1092 3151 1266 3237 presertim
1291 3155 1406 3218 eontra
1422 3149 1507 3216 Tur-

376 3283 447 3327 num
464 3259 538 3326 illos
555 3281 683 3344 semper
700 3262 842 3347 juvimus
867 3269 901 3329 et
916 3262 1133 3348 proteximus;
1159 3261 1330 3328 intestinas
1355 3265 1389 3324 et
1413 3257 1507 3324 faml-

374 3367 474 3434 liares
491 3368 671 3436 discordias
687 3391 880 3454 componere
899 3371 966 3436 nixi
982 3391 1112 3451 sumus3
1138 3375 1171 3435 ot
1197 3367 1405 3454 quioquidem
1421 3367 1507 3433 serre

375 3475 524 3562 benefieij
535 3478 568 3543 in
581 3499 635 3544 eos
651 3479 824 3564 potuimus,
833 3479 868 3545 id
883 3480 1079 3547 contulimus
1095 3477 1305 3563 indulgenter
1320 3483 1353 3544 et
1367 3481 1507 3561 paterne

374 3585 627 3670 propemodum;
656 3595 689 3652 et
705 3588 793 3676 apud
808 3587 949 3674 Regiam
968 3589 1179 3674 Majestatem
1195 3607 1253 3671 per
1282 3586 1386 3652 virum
1402 3580 1507 3652 Nobi·

374 3693 439 3760 lem
456 3695 620 3762 Joannem
646 3697 729 3763 Eme
754 3697 901 3781 militem,
917 3695 1093 3764 Oratorem
1109 3716 1243 3762 nosram
1266 3713 1329 3778 pro
1353 3693 1419 3759 illis
1435 3691 1507 3760 olfi-

374 3803 461 3870 ciose
500 3803 721 3872 intercessisse
752 3805 966 3888 meminimus,
998 3807 1059 3871 hoe
1088 3805 1175 3871 idem
1207 3801 1328 3871 facturi
1358 3803 1507 3868 venimus

373 3912 666 3994 impresentiarum,
693 3919 925 3998 prosequentes
951 3919 1107 3980 consueta
1132 3915 1246 3980 nostra
1271 3909 1444 3979 affectione
1470 3918 1506 3978 et

373 4020 533 4086 charitate
557 4021 676 4087 fratres
700 4023 902 4105 antedictum
928 4031 961 4090 et
985 4029 1160 4108 propterea
1184 4021 1331 4088 volumus
1354 4028 1388 4087 et
1413 4019 1506 4087 vobis

373 4129 575 4213 mandamus,
591 4139 629 4195 ut
654 4135 776 4215 quanto
801 4133 950 4216 potestis,
965 4131 1104 4198 celerius
1121 4133 1191 4201 sitis
1207 4153 1279 4198 oum
1295 4131 1403 4215 Regia
1420 4126 1506 4196 Sub-

372 4236 512 4304 limitate
538 4244 571 4302 et
596 4245 725 4323 sumpto
750 4241 910 4325 principio
926 4263 947 4306 a
963 4241 1067 4323 rebus,
1085 4262 1166 4324 quas
1191 4261 1289 4324 super
1312 4241 1506 4305 memoravi-

372 4366 453 4428 mus,
469 4345 574 4412 eidem
590 4344 764 4432 Majestati
781 4346 1013 4416 commendetis
1029 4354 1141 4414 nostro
1158 4351 1286 4415 nomine
1301 4369 1415 4414 omnes
1431 4369 1504 4432 pre-

372 4452 477 4519 dictos
492 4453 610 4520 fratres
625 4461 659 4522 et
673 4455 707 4520 in
718 4457 825 4540 specie
837 4455 998 4524 Comitem
1009 4453 1185 4540 Angelum,
1201 4459 1359 4541 tumquia
1375 4457 1416 4524 ob
1431 4477 1504 4541 pre·

372 4564 496 4630 sentem
520 4562 738 4646 opressionem
764 4570 878 4632 eontra
902 4587 936 4634 ee
960 4565 1064 4650 magis
1089 4565 1194 4651 Regio
1225 4565 1440 4651 benignitatis
1470 4569 1505 4632 et
