3336 5252
675 319 770 384 1476.
1228 320 1290 382 327

155 501 224 560 tem
240 501 384 561 vestram
399 518 477 580 erga
486 497 626 563 Beatam
637 498 809 582 Virginem
824 499 977 584 Mariam,
987 498 1028 564 ob
1045 517 1127 581 quas
1144 495 1242 563 bodie
1258 499 1292 562 in

155 606 370 672 coronatione
380 604 467 671 felici
483 605 696 672 Serenissime
712 606 842 692 Regino
858 605 1030 689 Hungarie
1046 605 1215 686 Bobemie,
1231 611 1293 672 ete·

155 714 223 780 filie
248 720 359 780 nostre
384 713 595 783 dilectissime
621 736 660 780 ex
686 717 814 798 equesti
839 714 953 782 ordine
977 736 1034 780 vos
1049 713 1183 780 fecimus
1200 721 1234 780 et
1249 715 1292 781 ad

155 822 251 888 illum
266 828 452 906 equestrem
467 823 614 889 ordinem
631 829 664 890 et
679 823 832 890 militiam
849 874 857 890 .
872 874 880 889 .
894 873 902 889 .
917 873 925 888 .
942 845 1015 890 cum
1041 822 1191 890 omnibus
1207 822 1292 888 mili-

155 929 284 996 taribus
300 929 477 998 honoribus
494 953 630 1015 cumque
653 932 769 998 monili
784 953 842 998 seu
856 938 974 1015 torque
990 951 1088 996 auree
1103 929 1290 996 hidriarum

156 1063 230 1105 cum
247 1041 334 1123 grise
360 1039 532 1126 pendente,
557 1061 622 1126 quo
639 1062 697 1109 vos
713 1040 914 1125 donavimus,
939 1041 1158 1122 assumsimus,
1176 1045 1291 1106 tenore

154 1149 357 1233 presentium
381 1155 494 1216 nostra
518 1171 558 1215 ex
583 1156 673 1217 certa
697 1149 835 1216 scientia
861 1147 976 1216 eadem
1001 1149 1073 1232 ipsa
1098 1149 1184 1214 stola
1214 1148 1291 1214 alba

155 1281 230 1323 cum
246 1258 355 1324 hidria
381 1279 437 1324 seu
463 1280 576 1325 saraca
601 1280 756 1326 ornamus
781 1264 815 1324 et
838 1256 1029 1324 decoramus
1049 1258 1105 1338 ita,
1128 1257 1216 1341 quod
1231 1279 1289 1324 vos

155 1366 241 1431 idem
251 1366 478 1434 Bernardinus
489 1367 641 1452 deinceps
656 1367 747 1434 illam
764 1366 946 1451 predictam
962 1365 1082 1432 stolam
1091 1388 1149 1431 seu
1168 1369 1288 1450 ampri-

155 1475 238 1540 siam
253 1475 318 1540 iarn
334 1474 456 1542 dictam
473 1497 545 1542 cum
560 1475 668 1542 hidria
684 1477 821 1561 singulis
837 1473 950 1541 diebus
976 1473 1137 1540 sabatinis
1164 1481 1198 1540 et
1214 1473 1288 1540 aliis

153 1584 248 1649 iuxta
263 1583 400 1650 formam
418 1584 633 1668 capitulorum
651 1583 753 1668 ipsius
778 1581 942 1666 amprisie,
965 1602 1028 1665 que
1044 1579 1136 1646 vobis
1152 1580 1240 1646 tradi
1256 1587 1289 1646 et

153 1694 361 1776 presentibus
376 1692 498 1758 includi
514 1715 553 1759 ae
568 1694 668 1759 inseri
687 1697 719 1758 et
744 1691 884 1758 describi
906 1689 1061 1776 jussimus
1081 1689 1286 1756 inhonorem

153 1799 262 1866 Beate
277 1798 426 1884 Virginis
443 1801 579 1884 deferre,
595 1822 715 1884 vosque
739 1799 897 1884 ampm'sia
927 1817 1047 1864 ornare
1071 1803 1105 1862 et
1130 1795 1287 1864 decorare

152 1905 287 1993 possitis
303 1915 335 1974 et
350 1909 496 1976 valeatis.
513 1909 660 1994 Recepto
680 1915 791 1974 tamen
815 1908 906 1992 prius
922 1928 942 1973 a
958 1906 1048 1972 robis
1065 1905 1105 1972 de
1122 1905 1284 1973 servanda

153 2017 261 2082 forma
287 2022 320 2082 et
344 2021 458 2084 tenore
490 2018 709 2101 capitulorum
739 2015 842 2101 ipsius
872 2014 1026 2099 amprisie
1057 2013 1289 2083 inviolabiliter

152 2126 224 2190 sine
248 2127 506 2210 transgressione
531 2124 642 2192 debito
667 2125 830 2210 corporali
855 2124 900 2190 ad
925 2129 1039 2190 saneta
1064 2123 1118 2190 dei
1149 2131 1289 2209 quatuor

151 2235 323 2318 evangelia
344 2237 542 2322 juramento,
557 2235 601 2302 ad
625 2257 763 2322 quorum
789 2234 1006 2319 capitulorum
1030 2235 1288 2302 observationem

150 2365 208 2409 vos
222 2342 403 2426 hortamur,
413 2365 488 2410 narn
503 2351 627 2428 quanto
643 2345 761 2430 majori
778 2349 812 2410 et
826 2345 882 2429 pia
898 2342 1069 2410 devotione
1085 2364 1166 2428 erga
1181 2344 1288 2428 ipsam

153 2448 295 2515 Beatam
311 2451 468 2534 virginem
484 2451 576 2516 eritis
600 2449 719 2534 affecti,
742 2456 838 2517 tanto
853 2449 971 2535 majori
987 2449 1111 2534 pietate
1127 2456 1159 2516 et
1179 2452 1288 2535 gratia

150 2559 224 2640 ipsa
238 2557 346 2623 Beata
363 2557 467 2643 Virgo
483 2559 517 2624 in
541 2560 685 2643 presenti
701 2564 735 2625 et
751 2558 863 2625 futura
887 2558 955 2626 vita
978 2579 1033 2623 vos
1059 2566 1286 2643 prosequetur.

152 2664 236 2731 Cum
252 2667 338 2732 enim
360 2666 435 2750 ipsa
458 2665 531 2733 fons
558 2668 602 2733 sit
626 2669 760 2752 pietatis
786 2673 817 2732 et
843 2667 959 2750 gratie,
975 2688 1141 2752 nunquam
1166 2668 1288 2735 deserit

149 2773 233 2840 bene
250 2781 420 2861 sperantes
437 2776 471 2841 in
487 2797 530 2860 se,
552 2775 610 2842 sed
624 2775 763 2860 benigno
780 2782 813 2840 et
828 2775 998 2842 salutifero
1029 2774 1142 2843 favore
1159 2799 1287 2862 sempor

149 2886 373 2968 prosequitur.
391 2885 501 2951 Tenor
526 2905 603 2951 vero
629 2884 846 2970 capitulorum
872 2885 1016 2970 ipsorum
1032 2890 1083 2950 est
1098 2885 1287 2954 huiusmodi

149 2993 288 3075 longina
298 2991 342 3080 (t)
353 2993 494 3078 primum
511 2998 687 3059 teneantur
703 2999 736 3059 et
750 2993 935 3060 debeantin
945 2992 1287 3078 vigiliaBeateMarie

151 3101 192 3167 de
209 3122 319 3168 mense
336 3105 467 3185 augusti
485 3102 598 3169 andire
614 3123 765 3187 resperas
782 3107 933 3168 cantatas
958 3101 1146 3189 ubicunque
1173 3105 1287 3172 eodem

150 3209 205 3275 die
230 3211 427 3296 contingerit
450 3212 598 3297 invenirj,
624 3216 657 3277 et
680 3211 734 3278 die
769 3212 929 3295 sequenti,
964 3211 1097 3278 honest
1124 3211 1177 3278 die
1202 3212 1287 3280 festo

149 3317 286 3384 audient
301 3319 433 3385 missam
449 3323 615 3385 cantatam
637 3319 672 3386 in
696 3319 834 3386 ecelesia
858 3318 1002 3385 eiusdem
1027 3318 1124 3386 beate
1149 3319 1286 3405 virginis

148 3426 246 3494 simul
263 3449 336 3492 cum
352 3427 436 3511 aliis,
452 3427 507 3512 qui
522 3427 585 3492 hoe
601 3427 729 3511 insigne
748 3433 782 3492 et
797 3428 882 3494 haue
898 3427 1037 3494 divisam
1053 3427 1241 3511 detulerint,
1257 3429 1285 3494 si

118 3573 124 3586 ·
147 3534 270 3601 ibidem
286 3535 501 3617 invenientur,
526 3535 614 3619 quod
639 3536 666 3602 si
691 3535 861 3621 contingat
885 3555 946 3601 nec
961 3556 1118 3621 resperas
1134 3558 1195 3604 nec
1211 3537 1287 3603 mis-

147 3665 218 3709 sam
245 3643 361 3710 audire
395 3650 428 3710 et
453 3644 568 3727 haberi
592 3666 697 3729 posse,
722 3649 897 3710 teneantur
921 3643 1029 3709 decies
1055 3644 1162 3712 dicere
1186 3651 1282 3730 pater

147 3757 259 3818 noster
283 3757 316 3818 et
340 3751 446 3819 decies
462 3749 535 3817 Ave
559 3749 671 3818 Maria
697 3752 732 3816 in
756 3753 913 3836 vesperis,
932 3757 965 3818 et
981 3753 1032 3820 bis
1059 3751 1166 3821 denies
1191 3760 1287 3839 pater

148 3863 262 3926 noster
278 3864 310 3924 et
325 3857 464 3925 totidem
480 3880 539 3925 ave
554 3861 659 3927 maria
675 3881 736 3946 pro
751 3862 859 3928 missa.
884 3860 970 3929 Item
987 3860 1135 3946 quisquis
1161 3859 1287 3928 deferet

147 3967 271 4034 dictam
289 3965 436 4048 divisam,
453 3966 578 4033 cibabit
590 3967 625 4032 in
641 3967 725 4034 festo
741 3967 888 4053 predicto
906 3969 1049 4054 quinque
1064 3989 1226 4054 pauperes
1243 3971 1286 4037 ob

148 4077 203 4144 dei
229 4097 385 4143 amorem.
410 4076 521 4144 Certio
546 4077 618 4143 loco
644 4083 819 4144 teneantur
844 4077 928 4144 albis
953 4075 1151 4144 indumentis
1173 4080 1286 4146 vestiri

148 4185 191 4250 ab
217 4184 302 4251 hora
325 4205 535 4271 vesperarum
559 4185 818 4270 incipiendamm
843 4186 877 4250 in
902 4185 1015 4270 vigilia
1039 4183 1120 4250 dicti
1143 4185 1228 4271 festi,
1253 4195 1287 4255 et

151 4299 260 4362 totum
276 4292 362 4360 diem
379 4293 609 4362 celebrationis
625 4295 727 4381 ipsius
738 4317 777 4363 ac
787 4316 885 4380 super
901 4295 981 4380 ipsis
997 4293 1140 4362 vestibus
1157 4294 1285 4364 deferre

148 4401 296 4486 divisam,
311 4403 397 4469 dicte
413 4409 523 4470 autem
547 4409 654 4471 vestes
678 4405 860 4491 superiores
876 4405 943 4472 siut
965 4409 1035 4471 tote
1050 4403 1134 4487 albe,
1157 4405 1193 4470 in
1215 4406 1286 4490 qui·

147 4511 207 4580 bus
234 4511 378 4580 vestibus
402 4513 529 4599 possint
554 4513 676 4582 referre
707 4520 933 4582 recamaturas
964 4513 1119 4599 cuiusque
1152 4515 1279 4600 coloris,
