3356 5266
387 311 454 416 641
745 331 982 376 urenounezrar
997 318 1168 376 suintune.

492 488 717 554 Illustrissime
734 490 896 574 Principe,
912 513 951 556 ae
969 491 1361 557 Excellentissimos).
1380 489 1515 556 Dueisse

387 595 568 660 Mediolani
587 605 647 662 ete.

494 722 621 772 mitnnoi
636 724 784 774 rillamltrir.

900 907 924 912 --
952 905 1028 916 -.--

927 1144 978 1204 37.

386 1303 526 1373 146211
547 1299 697 1369 velencaei
713 1305 791 1387 dupe
811 1303 904 1369 More
922 1303 1083 1380 Kristdfot
1109 1305 1241 1389 Ma‘tya's
1265 1305 1435 1392 kirdlyboz
1461 1307 1512 1369 1εό-

384 1415 520 1500 oetse'pbe
536 1412 687 1491 tuanen,
704 1411 811 1476 altalo
827 1412 960 1476 tudotni
975 1411 1125 1498 lcivclnja‚
1142 1415 1224 1498 kopp
1240 1437 1261 1476 α
1277 1416 1425 1499 po'pdlroz
1445 1413 1513 1478 tul-

383 1523 450 1587 dou
465 1521 731 1607 mapparorsqui
746 1521 863 1584 noveru
886 1520 1107 1606 pydmolitani
1122 1522 1243 1607 forju;
1269 1545 1290 1585 α
1315 1523 1407 1586 tor-<ik
1433 1521 1512 1584 ellen

384 1631 517 1714 Mdtya's
531 1630 654 1715 kircilyt
671 1629 863 1692 tdmaddsra
880 1629 972 1712 blojo
987 1628 1046 1709 fel,
1060 1630 1189 1714 pe'nzzel
1205 1629 1353 1693 azonban
1379 1651 1449 1693 aem
1466 1653 1511 1693 se·

383 1738 514 1822 pitheem
531 1739 622 1822 oe'pre
639 1765 655 1798 u
693 1737 825 1801 lelissiar'
849 1737 912 1800 ὀάη
939 1737 1132 1822 bdborpdaui
1159 1738 1250 1802 indat
1274 1737 1514 1822 paintekusten,

778 1855 823 1908 ezt
840 1847 1024 1930 mapintetni
1041 1845 1124 1908 beri.

385 2021 694 2090 MOOOOLXVII.
711 2021 762 2087 die
778 2021 885 2087 XIII.
901 2021 994 2106 Julij.

384 2129 556 2214 Sapientes
568 2129 703 2212 Consilij
931 2126 1000 2194 Nos
1025 2127 1282 2213 Obristophorus
1308 2129 1438 2209 Mauro,
1463 2131 1515 2195 dei

385 2237 560 2321 Sapientes
576 2244 597 2302 t
614 2237 635 2302 l.
651 2244 684 2302 et
865 2237 973 2319 gratia
1004 2237 1080 2303 Dux
1122 2237 1338 2306 Venetiarum
1381 2245 1415 2303 et
1456 2245 1515 2304 eet

384 2343 444 2410 Ser
460 2345 646 2412 Ludovious
663 2343 796 2410 Donato
868 2343 1107 2410 Committimus
1124 2352 1156 2410 et
1172 2345 1204 2409 iu
1222 2345 1388 2410 mandatis
1399 2346 1513 2412 damus

383 2452 521 2535 Sapiens
538 2449 699 2518 Ordinum
868 2451 929 2515 tibi
969 2452 1096 2533 dilecto,
1137 2453 1250 2519 Nobili
1294 2450 1366 2518 Oiri
1399 2461 1511 2518 nostro

383 2561 558 2627 Franciseo
574 2543 703 2625 ‘Ome-lo—
716 2544 863 2643 Doctori,
889 2561 975 2645 quod
1002 2561 1220 2644 proficiscaris
1245 2558 1369 2626 Orator
1402 2569 1512 2627 noster

383 2667 425 2732 ad
442 2666 691 2734 Sereniesimum
704 2666 878 2749 Hungarie
889 2665 1024 2750 Regem,
1034 2665 1249 2731 cuiexbibitis
1267 2669 1385 2732 nostris
1403 2670 1514 2735 credu-

382 2775 487 2840 litatis
502 2773 614 2856 literis,
630 2771 789 2855 factisque
805 2773 1073 2837 convenientibus
1097 2772 1351 2839 salutationibus
1376 2785 1408 2839 et
1424 2777 1513 2841 obla-

381 2882 527 2950 tionibus
542 2901 684 2964 expones
700 2901 760 2962 pro
776 2880 1005 2944 satisfaciendo
1021 2886 1133 2944 mutuo
1149 2882 1254 2946 amori
1280 2889 1312 2945 et
1329 2879 1513 2948 benivolen-

382 2991 427 3056 tie
459 2996 569 3056 nostre
610 2995 642 3050 te
684 2983 856 3052 Oratorem
899 2993 1046 3052 nostrum
1079 2988 1122 3050 ad
1153 2985 1254 3052 Suam
1297 2987 1512 3056 serenitatem

382 3097 520 3177 mittere,
551 3095 796 3178 subjungesque
827 3091 1004 3161 Oratorem
1034 3093 1100 3182 {sue
1142 3093 1338 3162 Serenitatis
1369 3098 1413 3162 ad
1445 3097 1513 3162 Ro·
1581 3093 1583 3096 ’

383 3225 513 3270 manum
540 3201 733 3268 Pontificem
766 3201 1023 3284 proficiscentem
1058 3202 1182 3267 auxilia
1216 3203 1370 3270 adversus
1395 3207 1512 3290 impios

382 3312 531 3378 'Iurchos
555 3311 745 3396 petiturum,
771 3317 807 3376 ut
832 3316 864 3375 te
890 3313 1101 3392 mitteremus,
1128 3332 1186 3375 nos
1213 3311 1382 3378 hortatum
1398 3313 1513 3394 fuisse,

383 3442 505 3504 proque
521 3417 708 3502 optinendis
725 3419 884 3502 ejusmodi
901 3421 1012 3503 auxilij
1031 3421 1145 3486 literae
1171 3427 1204 3484 et
1230 3421 1359 3486 favores
1385 3429 1514 3487 nostros

381 3527 597 3612 requisivisse,
613 3527 665 3591 eui
682 3526 855 3592 laudantes
872 3529 990 3594 ardens
1007 3529 1209 3610 propositum
1226 3526 1422 3595 Serenitatis
1448 3527 1512 3594 Sue

382 3634 604 3716 satisfecimus,
629 3635 809 3715 literaeque
836 3641 965 3700 nostras
981 3635 1177 3699 favorabiles
1203 3636 1245 3700 ad
1272 3637 1378 3718 ipsum
1404 3635 1515 3700 Ponti-

381 3742 473 3806 ficem
499 3743 679 3808 Maximum
705 3741 860 3808 dedimus.
876 3743 996 3808 Postea
1014 3765 1087 3807 vero
1113 3764 1172 3826 per
1200 3743 1358 3808 Oratores
1383 3749 1514 3808 nostros

381 3850 492 3914 itidem
508 3851 653 3916 studiose
670 3849 801 3916 lecimus
817 3857 850 3916 et
866 3850 1010 3930 facimus,
1036 3873 1094 3916 nee
1112 3850 1178 3916 ullo
1195 3858 1342 3936 tempore
1359 3853 1447 3936 apud
1463 3853 1512 3936 ip·

379 3979 449 4022 sum
466 3956 634 4024 Summum
652 3957 843 4022 Pontificem
870 3957 1039 4037 defuimus,
1063 3980 1166 4043 neque
1192 3960 1353 4026 deerimus
1379 3980 1438 4043 pro
1465 3959 1513 4024 f-

380 4088 455 4132 rore
472 4067 569 4149 hujus
586 4063 706 4132 Sancte
733 4067 790 4144 rei,
816 4066 971 4150 quiequid
997 4067 1169 4150 potuimus,
1194 4069 1437 4152 poterimusque
1465 4067 1513 4132 la-

379 4197 470 4258 eere;
486 4173 760 4259 quemadmodum
778 4173 842 4240 Sue
859 4172 1047 4256 Serenitati,
1065 4197 1124 4240 neo
1151 4197 1215 4240 non
1242 4178 1393 4242 universo
1421 4175 1514 4240 orrbi

379 4290 491 4350 notum
516 4291 574 4365 est,
597 4282 666 4366 jam
692 4285 946 4368 quinquennium
974 4306 1126 4368 magnum
1144 4285 1326 4350 triremium
1342 4305 1514 4349 numerum

379 4391 412 4455 in
429 4391 511 4456 mari
527 4390 698 4470 tenuimus,
716 4413 854 4456 necnon
880 4392 1047 4476 copiarum
1073 4393 1274 4475 equestrium
1298 4392 1514 4475 pedestrium·

379 4517 441 4582 que
459 4499 490 4563 in
508 4498 687 4580 Dalmatia,
702 4497 857 4580 Albania,
874 4499 1134 4584 Peloponeso,ao
1154 4499 1261 4565 insula
1276 4499 1512 4584 Nigropontis3
