3336 5258
638 399 733 461 1477.
1187 373 1251 462 ses

4 595 5 598 ’
117 575 169 642 Re
194 573 407 662 d'Ungheria
430 599 489 662 per
513 581 641 644 tractor
664 577 698 642 la
723 597 813 660 pace.
839 575 963 642 Datum
980 576 1120 644 Venetis
1147 577 1199 642 die
1224 583 1252 642 9.

117 683 273 752 Octobris
296 689 391 754 1477.

772 793 943 861 Gerendus
959 795 999 861 de
1017 793 1129 861 collis.

162 899 211 968 Al
228 904 313 972 (luca
329 904 362 970 di
377 902 515 971 Milano.
722 903 950 975 Guidantonio
965 903 1208 972 Arcimboldus.

228 1065 359 1129 (mnenoi
373 1067 534 1131 illlamltutr.)

652 1449 725 1512 250.

119 1629 218 1691 1477.
235 1625 357 1713 Alfooz
373 1625 509 1714 eupolyi
533 1629 660 1714 herczeq
685 1627 778 1692 levele
794 1629 907 1692 nouere
924 1629 1062 1693 Beotm's
1088 1630 1120 1692 e's
1137 1629 1252 1714 so'pcro

119 1737 252 1822 Mutyce
284 1735 397 1823 kirety
429 1737 679 1823 mepldtopala'so
711 1735 803 1801 ircim
828 1760 850 1800 o
875 1735 1022 1802 kalocsue'
1052 1737 1194 1802 e'rsekkez
1221 1741 1253 1802 uc

607 1844 777 1910 tiibbekluez.

229 2003 420 2072 Reverendo
452 2008 485 2072 in
518 2003 654 2072 Christo
684 2003 794 2086 Pater,
824 2003 940 2070 Amice
971 2005 1078 2090 Regia
1108 2014 1253 2090 paterne,

117 2119 218 2196 atque
243 2121 356 2180 noster
380 2113 566 2182 carissime.
594 2111 677 2180 Cum
701 2113 914 2180 statuerimus
938 2116 1001 2180 hoc
1022 2119 1172 2198 tempore
1197 2117 1253 2200 pio

118 2219 226 2287 officio
242 2244 303 2305 per
319 2229 501 2307 spectatum
518 2223 621 2288 virum
640 2222 764 2288 Lucam
782 2243 919 2307 synnum
936 2223 1089 2289 dilectum
1108 2231 1252 2289 nostrum

118 2327 371 2397 serenissimum
383 2331 509 2416 Regem
525 2339 700 2415 cognatum
718 2338 751 2398 et
767 2339 896 2416 patrem
914 2338 1069 2413 nostrum,
1081 2331 1253 2398 Serenissi·

117 2460 271 2522 mamque
287 2437 451 2524 Reginam
467 2462 611 2507 sororem
626 2449 775 2507 nostram
799 2439 1002 2506 carissimam
1017 2441 1131 2521 visere,
1147 2442 1252 2506 visum

120 2544 215 2610 nobis
232 2553 282 2612 est
297 2568 335 2612 eo
350 2568 470 2630 amore,
499 2569 563 2631 quo
589 2547 741 2632 utrinque
764 2548 994 2632 amplectimur
1020 2569 1091 2613 cum
1111 2548 1253 2633 paterni·

117 2658 189 2719 tate
215 2654 336 2722 Vestra
360 2656 474 2723 itidem
499 2680 605 2742 agere,
632 2657 807 2724 offerentes
831 2679 891 2723 uos
916 2657 958 2722 ad
983 2677 1110 2741 queque
1128 2653 1251 2720 Vestra

117 2767 217 2846 grata
233 2763 468 2847 paratissimos,
485 2763 565 2831 Dat.
581 2767 615 2832 in
635 2764 739 2850 Regio
756 2765 902 2832 Paterno
929 2763 1065 2831 castello
1091 2762 1249 2848 Capuano

116 2869 280 2956 Neapolis
298 2877 349 2939 18.
366 2873 520 2942 Octobris
539 2878 633 2940 1477.
1252 2941 1253 2946 ,

1036 2977 1204 3046 Alfonsns.

228 3087 308 3154 Rev.
336 3087 369 3153 in
393 3086 526 3156 Christo
551 3091 639 3175 patri
655 3091 691 3158 O.
708 3088 879 3158 Colocensi
896 3095 929 3156 ct
943 3088 1110 3157 bachiensi
1127 3085 1252 3153 archie-

115 3196 261 3282 piscopo.

227 3303 296 3373 Sub
320 3307 417 3373 simili
442 3307 548 3375 forma
572 3309 721 3393 expedite
746 3309 878 3374 fuerunt
903 3307 1113 3390 infrascripta
1137 3307 1252 3371 lictere

116 3413 253 3480 mutatis
276 3416 444 3483 mutandis
467 3423 501 3482 et
516 3415 660 3483 traddite
677 3417 765 3482 dicto
781 3416 900 3482 Lucae.

226 3521 316 3588 R·dc
332 3524 365 3589 in
381 3521 481 3590 Oh-to
505 3525 594 3608 patri
617 3524 665 3590 Io.
690 3522 872 3608 Archiepo
889 3521 1117 3609 Strigoniensi‚
1141 3519 1251 3604 Regni

117 3631 240 3715 hung-e
255 3630 389 3715 primati
405 3653 444 3698 ac
460 3654 585 3698 summo
602 3633 780 3699 secretario
798 3633 903 3697 amico
921 3637 980 3700 etc

226 3737 315 3804 R·dc
341 3739 375 3804 in
401 3739 535 3806 Christo
560 3741 647 3826 patri
674 3740 715 3806 G.
740 3739 905 3824 preposito
933 3739 1066 3805 ecclesie
1098 3735 1252 3822 Quinque

116 3846 331 3914 ecclesiarum
348 3847 468 3916 Ser-mi
483 3848 586 3932 Regis
601 3848 723 3933 hung-e
740 3847 915 3913 secretario
933 3847 1037 3913 amico
1053 3853 1113 3911 etc.

229 3955 317 4022 R·dc
326 3955 361 4021 in
371 3953 507 4024 Ohristo
516 3958 604 4042 patri
614 3957 655 4023 E.
671 3955 835 4040 Episcopo
852 3953 1008 4039 Agriensi
1019 3953 1196 4039 apostolico
1205 3951 1250 4018 le·

114 4071 197 4149 gato
215 4063 429 4148 cancellari03
446 4063 566 4132 Ser-mi
581 4065 715 4148 hung-e,
730 4064 834 4132 amico
852 4070 912 4130 etc.

225 4227 284 4289 (Gr.
298 4227 432 4281 Archivio
445 4229 473 4280 di
485 4229 596 4294 Nepoli.
610 4229 663 4280 us.
676 4230 736 4280 Pol.
749 4229 879 4295 Registra
899 4227 998 4280 curiae
1017 4225 1187 4278 Summariae
1197 4225 1252 4277 An·

113 4334 218 4376 norum
233 4320 585 4372 leot-1478.tomox11.
599 4321 618 4372 l.
633 4318 705 4380 194.)
