3336 5258
657 381 750 443 1479.
1200 382 1263 444 395

134 563 194 626 est.
219 556 379 624 Conserto
405 558 536 642 ingente
562 557 667 641 prelio
684 557 865 624 'lurcorum
891 561 1050 625 exereitus
1075 561 1270 645 profligatus

133 664 278 748 estfuse
295 666 418 731 suntin
434 687 473 731 eo
493 665 644 732 conflictu
669 667 809 732 maxime
833 673 868 732 et
887 667 1140 734 innumerabiles
1164 675 1270 736 turco·

8 771 9 776 ’
132 795 208 838 rum
232 775 323 857 copie
338 779 372 838 et
388 773 531 842 anaehi
546 795 664 859 magno
682 797 816 841 numero
832 774 996 861 trucidati,
1010 777 1165 861 precipue
1181 778 1269 862 pedi·

8 895 9 898 ’
132 885 184 946 tes
210 881 430 950 Valachorum
457 903 560 967 usque
585 881 628 950 ad
653 883 943 968 interruptionem
975 885 1075 952 deleti
1105 887 1202 970 pauci
1227 909 1267 953 ex

133 989 301 1076 equitibus
321 1012 432 1059 eorum
449 998 631 1074 evaserunt,
646 993 781 1076 Ezebeg
797 1000 830 1058 et
846 993 1038 1080 Zenderbeg
1054 995 1088 1059 in
1102 993 1176 1061 loco
1202 1016 1267 1060 cer-

132 1099 268 1164 taminis
283 1099 438 1166 trucidati
457 1107 541 1181 sunt,
551 1099 831 1186 Menfochercijth
846 1099 958 1166 multis
973 1101 1159 1169 vulneribus
1175 1103 1268 1169 affec·

132 1213 187 1273 tus
205 1211 254 1272 est
270 1211 303 1272 et
319 1205 442 1292 Alibeg
456 1207 572 1274 lancea
594 1207 763 1275 confossus
787 1209 955 1292 abscessit,
971 1208 1012 1274 de
1037 1210 1128 1296 cujus
1144 1211 1212 1276 vita
1235 1217 1269 1278 et

132 1314 284 1381 evasione
309 1315 444 1382 dubium
469 1323 528 1399 est,
554 1317 646 1401 ajunt
670 1316 728 1400 illi,
756 1317 812 1400 qui
837 1338 877 1383 ex
902 1316 1006 1400 prelio
1031 1317 1075 1382 ad
1100 1339 1160 1384 nos
1176 1319 1265 1384 missi

132 1431 219 1507 sunt,
236 1423 327 1491 fuere
343 1426 378 1490 in
394 1447 431 1492 eo
447 1425 550 1510 prelio
567 1431 678 1511 preter
694 1426 879 1492 nominatos
904 1426 959 1492 alii
976 1432 1101 1511 septem
1117 1426 1268 1513 Vajvode

131 1533 291 1619 precipui,
316 1534 357 1601 de
382 1557 520 1620 quorum
546 1536 696 1603 evasione
712 1534 763 1602 vel
788 1536 923 1602 interitu
948 1534 1031 1601 nihil
1057 1535 1165 1603 adhuc
1185 1537 1267 1602 certi

130 1642 318 1709 renuntiari
333 1643 442 1709 adme
458 1644 575 1728 potuit,
590 1650 699 1728 preter
723 1642 793 1728 boc,
808 1643 897 1728 quod
912 1643 1048 1711 obtenta
1063 1665 1124 1728 per
1138 1649 1267 1712 nostros

133 1751 270 1816 victoria
285 1772 457 1818 conversos
473 1754 508 1818 in
523 1751 637 1836 sugam
654 1753 766 1819 hostes
786 1754 891 1818 nostri
907 1773 1010 1835 usque
1021 1751 1267 1818 adbodiemum

3 1889 4 1898 ¹
132 1858 221 1926 diem
246 1865 470 1944 persecuntur.
495 1862 567 1928 Nec
591 1860 631 1926 de
656 1861 858 1945 captivorum
883 1860 991 1927 adhuc
1020 1883 1154 1928 numero
1185 1861 1266 1927 satis

131 1973 271 2052 constat,
287 1991 326 2035 eo
343 1969 430 2053 quod
448 1969 596 2055 Vejvoda
612 1971 681 2055 ipse
705 1975 815 2036 noster
832 1967 1086 2054 Transylvanus,
1102 1968 1179 2034 dum
1195 1991 1267 2053 pre·

131 2076 213 2143 lium
230 2077 455 2159 committitur,
465 2078 595 2162 publico
613 2078 719 2145 edicto
736 2085 935 2164 preceperat,
951 2077 1065 2163 nequis
1081 2083 1267 2144 nostrornm

2 2185 3 2188 ’
130 2185 276 2269 aliquem
291 2185 434 2251 hostium
450 2193 591 2270 caperet,
608 2186 665 2252 sed
690 2206 801 2253 omnes
826 2206 891 2251 uno
916 2185 1030 2252 ordine
1046 2184 1268 2251 obtruncaret.

130 2291 296 2360 Referunt
326 2298 436 2358 tamen
467 2293 521 2375 hii,
553 2295 609 2379 qui
639 2293 682 2360 ad
713 2317 765 2360 me
797 2315 899 2360 exeo
925 2293 1030 2377 prelio
1056 2291 1266 2375 advenerunt,

129 2404 242 2470 omnia
256 2403 350 2488 signa
365 2402 506 2469 hostium
523 2410 630 2489 capta,
639 2423 751 2470 eorum
767 2423 854 2485 vero,
866 2405 922 2488 qui
938 2404 973 2468 in
988 2402 1101 2486 fugam
1117 2402 1265 2469 conversi

129 2510 274 2594 fuerunt,
300 2533 456 2596 magnam
481 2519 607 2596 partem
635 2512 805 2578 reductam
830 2519 863 2578 et
888 2511 1033 2596 quotidie
1064 2511 1176 2578 reduci
1206 2529 1265 2594 per

129 2625 273 2702 nostros,
289 2641 428 2704 quorum
452 2643 605 2687 numerus
631 2621 740 2688 adhue
764 2620 844 2686 mihi
868 2619 1055 2706 incognitus
1078 2625 1137 2686 est
1163 2617 1266 2702 Signa

129 2733 228 2811 capta
246 2735 280 2792 et
296 2748 416 2812 omnes,
432 2729 488 2812 qui
504 2729 591 2814 cepti
618 2734 725 2811 erunt,
741 2727 829 2795 brevi
856 2729 899 2795 ad
918 2751 969 2794 me
984 2727 1200 2813 perferentur,
1225 2724 1265 2792 de

129 2834 250 2920 quibus
274 2836 402 2903 mittam
426 2835 496 2921 ipse
522 2836 564 2902 ad
582 2837 735 2906 Vestram
761 2835 976 2904 Sanctitatem
1001 2858 1061 2920 pro
1086 2857 1159 2901 mea
1184 2855 1264 2919 erga

129 2942 291 3010 Sanctam
306 2944 424 3011 Sedem
439 2947 653 3030 apostolicam
669 2947 840 3013 devotione
864 2952 897 3012 et
912 2944 1121 3014 observantia
1145 2965 1266 3009 memo-

128 3053 247 3120 rabilis
263 3053 359 3139 hujus
374 3054 510 3121 victorie
534 3062 754 3121 monumenta
770 3055 845 3122 Hec
860 3053 1045 3138 significare
1061 3051 1148 3118 volui
1165 3049 1264 3118 Sanc-

128 3162 221 3227 titati
236 3157 365 3242 Vestre,
391 3168 428 3227 ut
444 3169 625 3248 cognoscat,
644 3163 774 3246 qualem
799 3163 880 3228 mihi
896 3161 1066 3228 victoriam
1082 3157 1146 3226 Dei
1170 3161 1264 3225 mise·

127 3269 274 3336 ricordia
304 3269 364 3336 sub
394 3269 481 3337 felici
519 3269 716 3338 Sanctitatis
746 3271 867 3341 Vestro
897 3269 1036 3354 auspitio
1072 3290 1131 3352 pro
1162 3268 1264 3334 totius

128 3376 307 3444 christiane
347 3379 524 3465 reipublice
556 3379 714 3446 felicitate
755 3379 915 3445 concessit
946 3383 980 3443 et
1011 3376 1107 3443 simul
1137 3381 1175 3442 ut
1204 3397 1263 3460 pro

126 3493 223 3553 tanto
240 3487 465 3554 cristianitatis
482 3488 576 3571 bono,
592 3509 717 3574 proque
734 3489 873 3555 caritate
888 3492 1037 3572 paterna,
1054 3507 1153 3570 quem
1178 3507 1260 3571 erga

128 3617 181 3661 me
198 3595 291 3678 gerit,
303 3595 342 3660 de
358 3600 427 3660 tam
443 3595 591 3662 felicibus
607 3596 809 3662 successibus
825 3596 904 3661 meis
919 3593 1135 3678 congaudeat,
1146 3593 1263 3658 arden-

127 3703 260 3787 tiusque
275 3702 372 3770 rebus
397 3705 584 3771 christianis
600 3703 779 3790 provideat,
795 3710 832 3769 ut
847 3710 975 3788 ceptam
992 3703 1075 3768 hanc
1091 3700 1263 3768 felicitato

128 3812 326 3880 Sanctitatis
343 3811 461 3881 Vestre
479 3833 576 3896 super
592 3811 701 3878 hostes
720 3811 798 3878 fidei
815 3811 985 3877 victoriam
1002 3810 1183 3877 crebriores
1200 3807 1262 3873 vic·

127 3921 213 3987 toric
229 3920 477 4003 subsequantur.
494 3918 671 4005 Reliquum
688 3925 746 4002 est,
762 3919 850 4004 quod
866 3940 917 3985 me
927 3917 1080 4004 precibus
1097 3916 1263 3984 Sanctita-

127 4029 174 4096 tis
191 4027 312 4096 Vestre
328 4029 495 4110 comendo,
510 4051 608 4113 quam
627 4028 806 4096 altissimus
832 4049 1025 4094 conservare
1050 4025 1204 4108 dignetur
1219 4023 1261 4088 ad

128 4138 225 4204 selice
243 4137 389 4222 regimen
414 4143 448 4203 et
474 4142 706 4221 augumentum
724 4137 859 4203 ecclesie
875 4157 931 4202 sue
947 4135 1047 4203 Sacro
1064 4133 1177 4200 Sante.
1196 4129 1261 4197 Da·

1 4266 2 4275 ¹
128 4254 199 4312 tum
215 4245 499 4330 Bude.Vigesima
515 4244 667 4312 Secunda
683 4244 734 4310 die
752 4245 869 4311 mensis
886 4243 1040 4312 Octobris
1059 4245 1155 4310 1479.

173 4355 212 4422 Ε.
233 4352 271 4423 V.
289 4351 323 4420 S.
717 4354 850 4420 devotus
866 4352 953 4419 filius
969 4353 1118 4420 Mathies
1133 4351 1217 4422 Rex.

236 4517 367 4580 (nitenti
380 4518 541 4582 ellemlttr.)

616 4647 778 4658 -—--—--
