3340 5260
411 306 473 370 194
759 322 995 372 prraouscmnr
1013 311 1182 372 nucarum

405 487 531 552 tinuate
542 493 574 554 et
589 486 702 551 indies
713 487 817 569 magis
833 483 1001 552 accendite
1018 490 1051 550 et
1066 483 1267 551 inflammato
1278 482 1456 550 Cesaream
1468 483 1543 550 Ma·
1657 535 1659 548 ,

402 595 557 677 jestatem
583 594 625 659 ad
651 594 777 659 ualidas
804 592 970 659 faciendas
995 595 1197 677 provisiones
1223 615 1283 677 pro
1309 615 1378 674 sue,
1394 591 1541 672 reliquo·
1657 567 1659 612 ι

405 725 541 786 rumque
559 703 811 770 christianorum
829 705 1015 787 principum
1031 704 1146 786 salute,
1163 704 1205 770 ad
1231 726 1369 786 quorum
1395 703 1537 768 eversio-

404 833 478 876 nem
493 818 526 877 et
539 813 770 879 extinctionem
787 813 1038 878 immanissimus
1054 813 1167 894 hostis,
1182 820 1219 878 ut
1235 813 1275 878 de
1292 812 1446 878 orientali
1462 810 1543 876 fecit

406 921 552 1005 imperio,
569 922 659 988 etde
676 922 786 988 multis
803 922 921 1004 amplis
931 927 963 987 et
973 923 1159 1006 oppulentis
1176 923 1433 990 christianorum
1448 921 1538 1002 Reg-

404 1031 454 1095 nis
479 1037 558 1113 toto,
584 1037 619 1095 ut
646 1031 747 1114 ajunt,
782 1029 940 1096 incumbit
972 1038 1111 1112 pectore,
1128 1032 1216 1096 omni
1232 1031 1349 1111 studio,
1366 1029 1489 1095 viribus
1507 1035 1542 1091 et

404 1137 548 1204 efficacia
573 1139 699 1222 aspirat
728 1145 760 1203 et
785 1136 937 1216 anhelat3
966 1138 1102 1203 suadete
1126 1147 1276 1222 preterea
1293 1146 1327 1204 et
1353 1137 1487 1216 instato,
1503 1141 1542 1199 ut

405 1247 478 1330 ipsa
494 1245 714 1331 Imperatoria
730 1244 814 1313 Cels.
832 1248 953 1312 scribat
969 1253 1002 1310 et
1019 1245 1194 1312 efficaciter
1211 1253 1369 1312 memoret
1395 1251 1428 1310 et
1453 1231 1537 1310 inri-

403 1361 454 1420 tet
486 1355 732 1422 Beatitudinem
757 1353 883 1420 Summi
909 1354 1081 1422 Pontificis
1106 1355 1148 1420 ad
1173 1353 1407 1440 egrediendum
1438 1353 1537 1418 simul

395 1467 480 1528 'oum
505 1464 683 1548 Mujestate
709 1461 785 1545 Sua,
810 1462 873 1528 hoo
898 1463 1088 1547 religiosum
1114 1465 1291 1547 negotium,
1308 1483 1408 1545 quam
1425 1481 1538 1545 spera·
1657 1475 1659 1534 ζ

404 1595 484 1656 mus,
500 1595 566 1638 non
581 1592 652 1638 esse
668 1577 906 1654 recusaturum,
920 1577 1079 1655 quantum
1095 1572 1139 1638 ad
1156 1573 1225 1656 ejus
1242 1569 1394 1652 officium,
1423 1577 1455 1634 et
1482 1567 1539 1632 de·

404 1682 510 1748 bitum
520 1683 671 1766 pertinet,
683 1681 841 1747 suadente
853 1681 1035 1764 presertim,
1061 1686 1095 1748 et
1121 1679 1164 1745 ad
1180 1679 1215 1744 id
1230 1681 1322 1746 illam
1347 1681 1539 1762 requirente

405 1790 589 1874 Majestate
605 1788 826 1873 Imperatoria
841 1787 999 1872 predicta.

512 1898 564 1964 De
581 1897 709 1964 Oomite
718 1896 744 1963 J
745 1917 849 1962 oanne
860 1897 900 1963 de
914 1896 1028 1980 Vegla,
1038 1896 1239 1964 molestiores
1256 1895 1350 1961 nobis
1376 1917 1448 1962 esse
1474 1917 1541 1960 non

404 2015 547 2094 possent,
561 2007 651 2074 modi
666 2027 726 2094 per
745 2028 818 2072 eum
837 2007 959 2071 servati
983 2011 1097 2071 contra
1123 2005 1300 2072 Cesaream
1325 2003 1543 2090 Majestatem

405 2123 438 2183 et
453 2115 601 2183 subditos
618 2136 693 2181 suos
709 2122 742 2180 et
758 2114 899 2196 receptis
915 2113 1141 2199 Imperatorijs
1157 2113 1261 2179 literis
1278 2135 1377 2198 super
1394 2113 1543 2196 captiua·

404 2225 526 2294 tionem
550 2225 639 2291 illius
664 2224 787 2290 subditi
803 2232 836 2288 et
851 2223 1039 2290 castellani
1072 2225 1132 2306 sui,
1149 2223 1257 2290 subito
1283 2224 1389 2289 eidem
1415 2222 1544 2291 Osmiti

404 2336 593 2418 scripsimus
618 2334 701 2398 siout
716 2354 775 2418 per
806 2332 1022 2398 introclusum
1047 2332 1232 2416 exemplum
1257 2331 1411 2398 videbitis
1427 2339 1461 2397 et
1479 2339 1542 2397 ete.

512 2441 990 2525 ÷rsa-o-0.

512 2607 669 2669 (Valenczei
682 2605 852 2671 tlnmkttnyv
867 2611 917 2658 1⁷0
932 2607 962 2666 l.)

888 2821 1048 2832 ..n—n——n-

933 3059 1006 3120 137.

405 3238 500 3304 1470.
528 3238 555 3302 A
581 3235 959 3302 uelenozeidtlamtandcs
983 3235 1106 3300 crusta·
1131 3259 1152 3298 a
1179 3259 1318 3323 stappae·
1344 3237 1469 3322 Ιιὶνάῑμὶ
1495 3261 1539 3304 aa

402 3355 502 3410 &enzer
524 3346 612 3410 olaoz
636 3346 808 3410 katalmak
835 3347 904 3410 lutet
929 3344 1088 3428 ujjr'to'lap
1113 3345 1280 3427 ureplcb'tb'tt
1313 3347 1537 3431 satuetseprb'l,

403 3455 509 3519 rniuek
530 3453 668 3540 folytu‘n
688 3454 817 3540 Mrttyde
849 3451 973 3538 tii-etp
990 3455 1017 3516 ia
1040 3476 1061 3517 a
1088 3453 1180 3516 reret
1212 3453 1308 3516 ellani
1334 3453 1539 3518 tdnraddara

891 3561 1036 3626 &szttnzt

402 3755 672 3826 MOOCOLXX.
689 3758 742 3823 die
759 3755 880 3823 XXX.
897 3756 1098 3826 Decembris.

510 3866 723 3934 Serenissimo
739 3865 880 3932 Domino
896 3867 981 3950 Regi
1005 3867 1185 3953 Hungarie.

402 3976 575 4061 Sapientes
592 3973 729 4059 Consilij
773 3974 775 4003 ¹
886 3975 935 4042 Ut
966 3975 1072 4058 Regio
1105 3975 1309 4041 Sublimitati
1342 3996 1540 4059 quecunque

401 4073 560 4168 accidant,
576 4069 870 4150 eir-uostrisliteris
881 4085 1092 4149 innotescant
1107 4090 1140 4148 et
1157 4105 1196 4147 ea
1210 4085 1391 4166 presertim,
1408 4105 1473 4167 que
1492 4085 1540 4148 ad

400 4195 536 4262 comoda
551 4216 660 4259 rerum
676 4193 927 4259 christianarum
953 4212 1023 4257 esse
1048 4191 1208 4274 uidentur,
1237 4191 1322 4255 sicut
1348 4193 1433 4256 enirn
1460 4214 1541 4256 nos-

396 4308 486 4370 tram
503 4303 595 4369 decet
611 4301 865 4370 benivolentiam
876 4307 1073 4384 etamorem,
1090 4301 1195 4365 eidem
1211 4299 1314 4380 Regie
1332 4298 1536 4365 Celsitudini

400 4410 605 4478 declaramus
623 4409 776 4475 Italicum
793 4407 895 4493 fedus,
911 4408 996 4474 inter
1013 4431 1123 4475 omnes
1134 4407 1234 4473 Italic
1245 4415 1435 4491 potentatus
1452 4416 1540 4474 tem-

400 4539 478 4604 pore
504 4517 608 4583 selicis
633 4519 871 4586 recordationis
896 4518 988 4602 Pape
1013 4517 1145 4584 Nicolai
1171 4518 1287 4584 initum
1315 4524 1431 4585 autore
1448 4539 1540 4583 nunc
