3336 5258
435 333 502 398 432
793 353 1029 400 oretounczmr
1046 341 1213 402 auctuum

435 513 511 600 lagij
531 514 581 580 sui
597 537 704 582 eausa.
722 513 900 599 Complura
924 517 991 584 alia
1015 524 1129 584 extant
1153 519 1187 584 in
1214 519 1336 584 nostris
1352 518 1576 594 monumentis

435 623 662 708 antiquissima
681 623 815 708 judicia,
839 647 903 708 que
927 631 965 691 ut
989 631 1066 692 sunt
1081 625 1174 692 varia
1199 631 1233 692 et
1258 625 1397 708 diversa,
1414 635 1449 693 et
1469 628 1503 691 in
1528 626 1576 692 di·

435 735 535 799 versis
551 732 750 817 temporibus
761 733 847 800 etad
858 733 1001 802 diversos
1012 734 1178 820 principes
1194 741 1228 800 et
1243 756 1400 820 personas
1416 733 1575 800 dirrecte:

434 843 483 909 ita
515 843 584 910 siue
609 843 679 909 ulla
702 842 902 909 hesitatione
929 843 1111 912 testificant
1135 850 1168 911 et
1193 843 1363 912 declarant
1386 849 1515 913 rectum
1541 848 1576 908 et

435 951 616 1035 legitimum
632 957 779 1018 nostrum
796 951 996 1019 Dominium.
1012 951 1080 1020 Sed
1095 949 1138 1020 ad
1163 951 1347 1022 iaciendum
1363 953 1439 1020 istic
1464 951 1573 1034 fidem,

434 1059 490 1125 ubi
500 1061 610 1126 omnia
625 1065 684 1126 aut
699 1067 861 1146 negantur
878 1067 935 1128 aut
944 1083 1119 1146 perperam
1128 1063 1400 1147 interpretantur,
1410 1062 1574 1128 immitens

434 1168 601 1236 volumina
617 1175 749 1254 oportet
764 1170 868 1237 multa
884 1176 918 1237 et
931 1172 1087 1256 ingentia,
1100 1176 1135 1238 et
1149 1179 1187 1240 ιιι
1201 1171 1317 1238 melius
1333 1171 1427 1238 vobis
1443 1172 1574 1257 aperia-

434 1299 505 1344 mus
522 1283 713 1364 conceptum
728 1285 890 1347 nostrum:
907 1277 1054 1364 dicimus,
1069 1281 1157 1366 quod
1172 1281 1315 1348 insertas
1331 1281 1514 1365 scripturas
1530 1277 1574 1344 ad

434 1408 490 1454 vos
506 1389 652 1454 misimus
669 1387 732 1455 bac
749 1396 856 1456 mente
882 1395 915 1454 et
930 1389 1119 1473 intentione,
1135 1395 1171 1458 ut
1188 1389 1278 1458 vobis
1304 1389 1372 1456 sint
1396 1387 1574 1454 sufficienti

435 1496 643 1563 instructioni
660 1503 693 1563 ιι
719 1497 914 1566 documento
939 1499 981 1566 ad
1006 1500 1131 1567 tuenda
1157 1521 1232 1566 eum
1255 1498 1471 1566 fundamento
1496 1498 1573 1582 jura

435 1612 557 1690 nostra,
583 1628 648 1673 non
673 1612 710 1672 ut
734 1609 913 1694 scripturas
937 1609 1026 1694 ipsas
1051 1617 1109 1676 aut
1135 1608 1284 1692 aliquam
1308 1629 1421 1674 eorum
1445 1611 1575 1692 partem

435 1713 586 1798 cuiquam
603 1716 696 1799 detis,
713 1723 771 1784 aut
796 1717 989 1801 ostendatis,
1015 1717 1179 1802 quomodo
1207 1724 1245 1784 ut
1268 1717 1409 1784 diximus
1436 1737 1503 1784 non
1525 1720 1575 1780 est

434 1826 596 1910 propositi
628 1827 734 1893 nostri
765 1828 959 1895 contendere
990 1827 1103 1913 aliquo
1135 1826 1251 1908 modo;
1284 1824 1343 1893 sed
1373 1847 1428 1892 vos
1459 1825 1575 1890 habita

435 1934 561 1999 ratione
577 1935 743 2018 temporis,
758 1934 822 2002 loci
839 1941 872 2002 et
886 1956 1110 2019 personarum,
1127 1957 1199 2002 cum
1216 1933 1336 2019 quibus
1361 1955 1467 2000 sermo
1484 1933 1575 1998 robis

434 2041 544 2124 fuerit,
560 2042 752 2109 discurratis
782 2065 840 2127 per
856 2042 1004 2110 ordinem
1030 2065 1150 2129 rerum,
1172 2050 1207 2110 et
1230 2041 1327 2109 modo
1353 2063 1453 2108 unam
1476 2041 1575 2107 modo

435 2151 533 2216 aliam
550 2149 702 2236 allegatis
719 2151 769 2217 vel
784 2151 893 2235 potius
910 2152 1053 2218 innuatis
1068 2152 1239 2232 rationem,
1256 2158 1291 2217 ιι
1314 2172 1373 2236 per
1389 2149 1576 2234 occupatio

435 2281 507 2324 nem
523 2259 629 2342 magis
654 2260 698 2326 sit
724 2281 831 2327 sermo
847 2266 963 2344 vester,
981 2280 1079 2344 quam
1104 2281 1164 2346 per
1188 2267 1333 2346 apertam
1357 2259 1576 2326 assertionem

434 2373 467 2433 et
483 2368 722 2452 expressionem
743 2370 895 2452 omnium,
913 2390 976 2453 que
992 2367 1132 2436 dicenda
1156 2367 1284 2436 habetis
1311 2374 1443 2436 serrata
1468 2368 1578 2452 gravi-

435 2481 504 2544 tate
520 2482 554 2541 et
570 2475 687 2543 decoro
704 2498 762 2562 per
778 2477 918 2561 modum,
934 2478 1021 2563 quod
1047 2499 1113 2544 non
1137 2477 1241 2552 solum
1267 2477 1498 2562 intelligamini
1515 2497 1577 2562 per

434 2585 478 2668 id,
494 2585 583 2669 quod
599 2585 689 2654 foras
702 2587 858 2672 jeceritis,
874 2587 931 2654 sed
956 2587 1186 2654 existimamini
1211 2587 1254 2654 ab
1279 2587 1490 2654 audientibus
1517 2608 1576 2652 ros

434 2694 529 2780 longe
544 2696 642 2779 plura
657 2695 847 2763 fundatione
863 2703 896 2763 et
912 2697 1071 2764 validiora
1098 2696 1219 2764 habere
1244 2697 1279 2762 in
1304 2702 1413 2763 vestra
1439 2697 1577 2774 noticia,

436 2808 470 2869 et
486 2803 680 2889 cognitione,
696 2804 738 2872 ad
756 2827 855 2890 quam
873 2806 988 2871 missus
1004 2827 1069 2872 non
1098 2805 1194 2886 estis;
1212 2810 1243 2870 et
1258 2805 1448 2890 hujusmodi
1474 2804 1574 2870 modo
1666 2831 1667 2834 ¹

434 2934 454 2978 a
470 2912 560 2978 vobis
576 2913 735 2980 servando
752 2935 826 2980 cnm
844 2920 952 2980 vestra
962 2920 1118 2980 consueta
1134 2913 1331 2980 dexteritate
1348 2921 1383 2980 et
1397 2914 1575 2998 gravitate,

435 3022 609 3089 verisimile
634 3022 728 3090 nobis
752 3023 804 3104 sit,
830 3029 866 3088 ut
891 3022 998 3106 Regia
1024 3020 1220 3090 Sublimitas
1244 3029 1400 3090 contenta
1425 3023 1508 3092 satis
1542 3028 1578 3088 ct

434 3129 605 3198 satisfacta
622 3131 741 3199 debeat
756 3153 933 3214 remanere,
956 3137 1084 3198 attenta
1108 3133 1281 3218 presertim
1308 3133 1432 3216 optima
1456 3137 1574 3200 nostra

434 3261 513 3323 erga
530 3262 565 3307 se
580 3247 689 3307 mente
706 3248 739 3307 et
754 3239 977 3326 dispositione,
992 3241 1104 3320 amice,
1120 3241 1298 3325 tranquille
1321 3246 1355 3306 et
1371 3240 1470 3307 etiam
1497 3259 1578 3305 oon·

433 3347 574 3416 fidenter
589 3349 715 3417 vivendi
732 3357 765 3417 et
779 3348 908 3435 agendi,
924 3349 958 3415 in
974 3349 1037 3416 hoc
1053 3370 1132 3416 casu
1148 3353 1182 3416 ιι
1198 3349 1300 3416 etiam
1325 3347 1458 3433 quaudo
1484 3346 1575 3412 vide·

434 3458 514 3524 retis
529 3479 598 3524 rem
623 3459 668 3525 ad
692 3457 784 3525 litem
809 3457 897 3526 trahi
923 3459 1014 3524 etin
1036 3457 1204 3542 judicium,
1223 3456 1313 3542 quod
1340 3478 1397 3524 ros
1421 3453 1575 3523 studiose

434 3563 606 3649 declinate,
623 3565 815 3634 affirmando
841 3565 934 3632 aliud
950 3588 970 3632 a
986 3564 1079 3632 nobis
1105 3566 1226 3634 babere
1252 3563 1453 3646 mandatum,
1474 3586 1578 3649 quam

434 3677 583 3760 superius
599 3673 749 3757 diximus,
774 3697 847 3741 cum
873 3675 947 3740 istic
972 3676 1166 3742 manseretis
1190 3679 1242 3741 tot
1267 3674 1395 3740 diesin
1421 3673 1578 3759 humano,

433 3783 580 3851 modesto
597 3791 630 3851 et
646 3783 813 3851 amicabili
838 3784 1071 3851 conferimento
1097 3804 1204 3849 rerum
1230 3781 1461 3866 predictarum,
1490 3787 1577 3864 quot
1666 3855 1667 3858 Ἴ

433 3891 522 3959 vobis
538 3895 600 3960 visi
616 3893 740 3960 fuerint
758 3891 956 3960 sufficientes
982 3899 1016 3958 et
1041 3892 1269 3959 convenientes
1298 3891 1341 3956 ad
1366 3912 1439 3958 eam
1465 3889 1574 3972 Regis

434 4005 551 4068 mentis
568 4003 807 4088 purgationem,
824 4003 1046 4088 cujuscunque
1066 4000 1215 4084 concepti
1240 3999 1388 4065 rancoris
1412 4004 1446 4064 et
1473 3997 1564 4064 offen

434 4110 543 4194 sionis,
569 4131 668 4193 quam
693 4109 763 4176 fieri
790 4117 824 4178 et
855 4108 996 4176 obtineri
1023 4107 1156 4175 avobis
1172 4105 1327 4193 possibile
1343 4108 1395 4188 sit,
1419 4107 1579 4171 incusata

433 4219 518 4284 aeris
533 4218 719 4285 conditione
736 4216 967 4286 valitudinario
983 4218 1112 4300 corpori
1135 4222 1242 4282 vestro
1259 4215 1422 4300 opposita,
1439 4220 1473 4278 et
1488 4214 1579 4298 peri-

434 4325 555 4397 culosa.
580 4348 691 4394 sumus
717 4327 872 4412 contenti,
896 4333 933 4392 ιιι
965 4348 1036 4392 cum
1064 4325 1170 4392 verbis
1196 4319 1436 4390 humanissimis
1468 4329 1502 4387 et
1530 4323 1585 4388 ad*

434 4436 573 4522 Regiam
589 4438 828 4505 conciliandam
845 4442 984 4503 mentem
1004 4433 1130 4500 idoneis
1147 4439 1181 4500 et
1204 4432 1426 4501 accomodatis
1451 4431 1577 4498 bonam

435 4553 467 4610 et
483 4552 613 4632 gratam
629 4546 796 4613 licentiam
813 4546 855 4613 ab
875 4545 989 4612 eadem
1001 4544 1177 4628 Majestate
1193 4543 1375 4628 accipiatis,
1386 4547 1420 4606 ιι
1436 4541 1580 4606 visitata
