3334 5276
635 351 731 417 1466.
1214 357 1253 418 17

227 527 382 594 Ceterum
406 529 460 594 bic
485 530 586 613 varijs
610 528 716 595 modis
741 529 930 594 nunciatum
954 535 1014 612 est,
1030 535 1063 594 et
1079 531 1253 612 presertim

116 657 177 720 per
207 637 381 702 adventum
413 638 455 702 ad
486 656 545 702 nos
575 638 672 702 unius
704 636 792 716 socii,
824 633 1007 720 Cancelarij
1040 638 1118 702 olim
1141 637 1254 723 Bajuli

115 745 223 808 nostri
239 740 552 826 Constantinopolis,
568 744 624 827 qui
640 743 697 809 diu
712 749 861 809 retentus
882 765 903 808 a
922 741 1029 810 lurco
1055 744 1089 808 in
1114 747 1267 812 carceri·

120 849 193 934 bus,
226 850 293 916 illic
320 851 494 918 defunctus
520 855 578 934 est,
613 852 809 936 recestitque
834 873 875 916 ex
906 849 1190 936 Constantinopoli
1222 855 1257 918 in

115 959 276 1026 societate
296 961 392 1026 unius
405 960 499 1045 judei
525 957 692 1028 Cretensis
708 961 760 1026 die
777 958 896 1026 XXV.
911 960 1085 1026 Februarii
1101 963 1255 1044 preteriti

117 1075 153 1132 et
176 1068 266 1134 venit
290 1091 350 1153 per
374 1071 460 1135 viam
486 1068 676 1152 Filipopoli,
702 1067 758 1134 ubi
774 1073 848 1135 erat
873 1067 1011 1150 Turous,
1035 1091 1076 1134 ex
1099 1091 1163 1153 quo
1179 1069 1252 1134 loco

114 1176 252 1242 recessit
269 1177 321 1242 die
338 1175 460 1246 VIHI.
475 1175 598 1243 Marcii
613 1175 759 1260 proxime
785 1176 947 1260 preteriti,
963 1175 1139 1259 refertque,
1165 1177 1252 1260 quod

116 1279 246 1348 mneos
270 1284 340 1367 ipse
366 1289 457 1348 terra
481 1291 515 1349 et
540 1284 624 1350 mari
639 1305 775 1370 magnos
792 1290 972 1368 apparatus
987 1282 1060 1348 fieri
1080 1283 1248 1350 ordinave-

116 1391 173 1472 rit,
197 1390 331 1473 quidam
356 1389 512 1470 referunt,
537 1398 575 1457 ut
601 1389 783 1457 Albaniam
808 1391 1014 1456 recenserat
1040 1390 1110 1476 Alij
1139 1399 1255 1458 contra

116 1495 381 1582 Negropontum,
407 1499 462 1583 alij
490 1497 604 1565 confra
627 1497 845 1582 Belgradum3
871 1506 905 1566 et
931 1499 1065 1584 quidam
1091 1500 1191 1566 etiam
1220 1501 1256 1564 in

10 1677 12 1682 ,
117 1604 301 1673 Bossinam.
333 1608 386 1673 Ex
417 1607 537 1690 quibus
567 1606 665 1673 rebus
690 1609 914 1675 existimamus
956 1607 1096 1692 Regiam
1136 1607 1256 1673 Maies-
1360 1653 1366 1666 ,

116 1719 223 1782 tatem
248 1715 333 1782 forte
358 1737 417 1801 per
433 1717 526 1782 illam
541 1719 627 1784 viam
643 1718 813 1800 veriorem,
829 1718 1084 1800 celerioremque
1101 1715 1254 1782 habuisse

117 1825 284 1890 noticiam.
309 1827 382 1892 Nos
407 1846 448 1890 ox
477 1825 581 1892 latere
612 1831 727 1891 nostro
759 1827 868 1892 conati
893 1847 1012 1908 sumus,
1037 1831 1071 1890 et
1097 1839 1266 1891 conamur'

117 1930 230 1999 facere
255 1953 368 1998 omnes
392 1934 602 2018 provisiones,
628 1954 711 2016 quas
736 1955 918 2019 possumus,
943 1939 980 1999 ut
994 1933 1153 2000 evitemus
1168 1934 1253 2017 peri-

117 2041 203 2122 cula,
221 2063 284 2124 que
300 2041 490 2126 contingere
504 2050 638 2126 possent
651 2043 756 2108 nobis.
782 2043 829 2107 Et
843 2044 893 2107 ita
916 2048 1064 2107 tenemus
1088 2040 1253 2125 prefatum

119 2147 361 2215 Serenissinum
377 2149 504 2234 Regem
520 2172 560 2214 ex
585 2157 678 2234 parte
695 2173 755 2216 sua
779 2150 893 2215 fecisse
919 2155 953 2214 et
976 2149 1140 2216 iacturum
1166 2169 1246 2214 esse.

119 2253 173 2320 De
190 2255 241 2320 his
258 2264 456 2341 cutemque
473 2265 650 2340 occurrent,
676 2259 841 2352 studiosus
857 2258 949 2322 eritis
975 2257 1095 2323 litteris
1119 2255 1251 2324 Vestris

10 2375 11 2382 ’
119 2385 180 2428 nos
197 2365 356 2431 certiores
372 2365 509 2432 efficere.

231 2473 275 2558 ΔΓ
324 2477 387 2539 lec
434 2511 478 2522 -
524 2480 545 2539 o
591 2507 634 2521 -
683 2479 700 2538 1

231 2619 387 2680 (Valenozei
406 2620 587 2684 allamkbnyv
601 2623 660 2670 154.
674 2619 705 2677 l.)

607 2798 767 2806 ...ιι-η-

680 3035 709 3094 9.

123 3197 218 3263 1466.
245 3193 277 3259 Α
303 3193 453 3258 velecccei
476 3193 693 3258 dilamtacdcc
708 3192 841 3256 vesana
862 3192 999 3258 Venerio
1024 3191 1162 3256 Ferenca
1188 3215 1256 3256 ma-

298 3304 514 3390 qycrorsqur'
528 3301 687 3368 kevetttez
704 3323 725 3364 a
741 3301 833 3366 toret
852 3301 1008 3387 tqpelcbec
1023 3301 1078 3365 stb.

123 3478 412 3549 uooocnxvr.
430 3481 483 3546 ne
498 3477 597 3548 XVI.
614 3478 710 3563 Maij.

230 3587 292 3654 Ser
307 3587 486 3654 Francisco
503 3587 645 3657 Venerio
662 3585 798 3652 Oratori
815 3590 927 3651 nostro
944 3587 977 3650 in
993 3584 1179 3670 Hungaria.

102 3697 298 3794 ,Sapientes
317 3695 443 3763 Consili
468 3703 501 3762 et
577 3729 581 3738 ·
672 3693 864 3778 Complures
889 3701 966 3758 sunt
996 3694 1091 3759 nobis
1127 3692 1256 3759 reddite

214 3831 231 3866 s
317 3803 377 3871 el.
609 3803 720 3868 littere
753 3809 859 3868 vestre
879 3807 912 3866 et
936 3803 1023 3867 inter
1038 3807 1164 3868 ceteras
1190 3801 1256 3867 diei

125 3915 249 3980 XIIIL
265 3896 553 4002 Aprilffitsuiffils-
553 3933 743 3996 quecunque
758 3911 853 3977 uobis
864 3909 1041 3993 scripsistis
1051 3934 1058 3974 :
1069 3909 1165 3994 plane
1182 3929 1257 3992 ocg-

125 4026 269 4090 uorimus
305 4029 337 4088 et
368 4028 510 4088 vestram
546 4019 750 4101 diligentiam
774 4018 951 4102 plurimum
984 4018 1257 4097 commendamus,

127 4127 222 4196 Circa
239 4131 411 4196 materiam
427 4129 518 4196 illius
534 4123 740 4210 Metropoliti
750 4125 840 4192 aliud
850 4127 958 4190 dicere
974 4129 1101 4190 nonest
1116 4145 1256 4205 necesse,
1326 4135 1331 4142 '

127 4239 186 4304 nisi
204 4238 293 4323 quod
309 4239 480 4323 Majestati
495 4235 601 4319 Regie
626 4239 740 4301 nostro
765 4237 894 4300 nomine
920 4255 981 4318 pro
998 4233 1256 4299 coumnicatione

127 4345 291 4413 nobiscum
315 4346 404 4412 facta
429 4346 554 4428 gratias
579 4345 695 4427 agatis.
719 4343 956 4410 Existimamus
972 4344 1082 4408 tamen
1105 4341 1205 4406 rerba
1222 4341 1256 4405 et

128 4454 416 4520 demonstrationes
432 4451 557 4520 'Purohi
573 4452 616 4517 ad
631 4473 745 4538 paoem
762 4451 932 4518 simulatas
948 4471 1026 4534 esse,
1043 4455 1075 4514 et
1090 4448 1152 4514 hoo
1169 4447 1258 4515 idem

129 4561 319 4628 credidimus
335 4567 367 4626 et
384 4561 545 4626 credimus
562 4557 602 4624 de
624 4561 768 4643 practica
793 4557 980 4645 Amarbey,
1007 4560 1046 4624 de
1073 4579 1138 4654 qua
1165 4579 1258 4642 supe.

171 4697 417 4736 monserantur.
439 4707 475 4718 —
495 4695 565 4732 scra
580 4697 641 4733 uxr.
657 4697 683 4733 v.
1131 4671 1150 4730 2
