<?xml version="1.0" encoding="UTF-8"?>
<!DOCTYPE html PUBLIC "-//W3C//DTD XHTML 1.0 Transitional//EN"
    "http://www.w3.org/TR/xhtml1/DTD/xhtml1-transitional.dtd">
<html xmlns="http://www.w3.org/1999/xhtml" xml:lang="en" lang="en">
 <head>
  <title>
</title>
<meta http-equiv="Content-Type" content="text/html;charset=utf-8" />
  <meta name='ocr-system' content='tesseract 3.04.00' />
  <meta name='ocr-capabilities' content='ocr_page ocr_carea ocr_par ocr_line ocrx_word'/>
</head>
<body>
  <div class='ocr_page' id='page_1' title='image "./magyardiplomacz00mattgoog_0192.png"; bbox 0 0 3356 5266; ppageno 0'>
   <div class='ocr_carea' id='block_1_1' title="bbox 624 407 1234 470">
    <p class='ocr_par' dir='ltr' id='par_1_1' title="bbox 624 407 1234 470">
     <span class='ocr_line' id='line_1_1' title="bbox 624 407 1234 470; baseline 0 0"><span class='ocrx_word' id='word_1_1' title='bbox 624 408 719 470; x_wconf 82' lang='lat'>1467.</span> <span class='ocrx_word' id='word_1_2' title='bbox 1172 407 1234 470; x_wconf 96' lang='grc'><strong>155</strong></span> 
     </span>
    </p>
   </div>
   <div class='ocr_carea' id='block_1_2' title="bbox 15 584 1245 2085">
    <p class='ocr_par' dir='ltr' id='par_1_2' title="bbox 15 584 1245 2085">
     <span class='ocr_line' id='line_1_2' title="bbox 106 584 1237 673; baseline -0.005 -18"><span class='ocrx_word' id='word_1_3' title='bbox 106 589 211 655; x_wconf 86' lang='lat' dir='ltr'><strong>titudo</strong></span> <span class='ocrx_word' id='word_1_4' title='bbox 226 589 375 673; x_wconf 88' lang='lat' dir='ltr'><strong>predicta</strong></span> <span class='ocrx_word' id='word_1_5' title='bbox 390 609 501 656; x_wconf 90' lang='lat' dir='ltr'><strong>curam</strong></span> <span class='ocrx_word' id='word_1_6' title='bbox 517 589 675 672; x_wconf 90' lang='lat' dir='ltr'><strong>suscipiat</strong></span> <span class='ocrx_word' id='word_1_7' title='bbox 690 585 988 670; x_wconf 88' lang='lat' dir='ltr'><strong>componendarum</strong></span> <span class='ocrx_word' id='word_1_8' title='bbox 1005 606 1113 650; x_wconf 88' lang='lat' dir='ltr'><strong>rerum</strong></span> <span class='ocrx_word' id='word_1_9' title='bbox 1129 584 1206 668; x_wconf 85' lang='lat' dir='ltr'><strong>pref</strong></span> <span class='ocrx_word' id='word_1_10' title='bbox 1225 626 1237 637; x_wconf 96' lang='lat'>-</span> 
     </span>
     <span class='ocr_line' id='line_1_3' title="bbox 19 693 1236 778; baseline -0.005 -15"><span class='ocrx_word' id='word_1_11' title='bbox 19 709 21 774; x_wconf 65' lang='lat' dir='ltr'>j</span> <span class='ocrx_word' id='word_1_12' title='bbox 105 707 212 764; x_wconf 89' lang='lat' dir='ltr'><strong>torum</strong></span> <span class='ocrx_word' id='word_1_13' title='bbox 239 696 403 763; x_wconf 81' lang='lat' dir='ltr'><strong>Comitum</strong></span> <span class='ocrx_word' id='word_1_14' title='bbox 428 717 499 761; x_wconf 90' lang='lat' dir='ltr'><strong>eum</strong></span> <span class='ocrx_word' id='word_1_15' title='bbox 524 695 631 778; x_wconf 88' lang='lat' dir='ltr'><strong>Regia</strong></span> <span class='ocrx_word' id='word_1_16' title='bbox 662 695 840 778; x_wconf 86' lang='lat' dir='ltr'><strong>Majestate</strong></span> <span class='ocrx_word' id='word_1_17' title='bbox 875 693 1047 778; x_wconf 81' lang='lat' dir='ltr'><strong>Hungarie</strong></span> <span class='ocrx_word' id='word_1_18' title='bbox 1079 699 1112 756; x_wconf 89' lang='lat' dir='ltr'><strong>et</strong></span> <span class='ocrx_word' id='word_1_19' title='bbox 1144 695 1236 757; x_wconf 86' lang='lat' dir='ltr'><strong>resti-</strong></span> 
     </span>
     <span class='ocr_line' id='line_1_4' title="bbox 103 801 1237 888; baseline -0.005 -17"><span class='ocrx_word' id='word_1_20' title='bbox 103 806 222 871; x_wconf 84' lang='lat' dir='ltr'><strong>tuenda</strong></span> <span class='ocrx_word' id='word_1_21' title='bbox 236 806 303 870; x_wconf 89' lang='lat' dir='ltr'><strong>illis</strong></span> <span class='ocrx_word' id='word_1_22' title='bbox 319 806 462 870; x_wconf 79' lang='lat' dir='ltr'><strong>ciuitatis</strong></span> <span class='ocrx_word' id='word_1_23' title='bbox 490 827 554 888; x_wconf 90' lang='lat' dir='ltr'><strong>sue,</strong></span> <span class='ocrx_word' id='word_1_24' title='bbox 578 807 698 870; x_wconf 89' lang='lat' dir='ltr'><strong>instate</strong></span> <span class='ocrx_word' id='word_1_25' title='bbox 724 803 810 870; x_wconf 92' lang='lat' dir='ltr'><strong>omui</strong></span> <span class='ocrx_word' id='word_1_26' title='bbox 837 801 945 868; x_wconf 87' lang='lat' dir='ltr'><strong>studio</strong></span> <span class='ocrx_word' id='word_1_27' title='bbox 972 807 1003 867; x_wconf 91' lang='lat' dir='ltr'><strong>et</strong></span> <span class='ocrx_word' id='word_1_28' title='bbox 1020 802 1174 884; x_wconf 82' lang='lat' dir='ltr'><strong>efficacia,</strong></span> <span class='ocrx_word' id='word_1_29' title='bbox 1201 809 1237 865; x_wconf 92' lang='lat' dir='ltr'><strong>nt</strong></span> 
     </span>
     <span class='ocr_line' id='line_1_5' title="bbox 19 907 1236 996; baseline -0.005 -16"><span class='ocrx_word' id='word_1_30' title='bbox 19 907 21 928; x_wconf 77' lang='lat'>&#39;</span> <span class='ocrx_word' id='word_1_31' title='bbox 105 913 273 980; x_wconf 83' lang='lat' dir='ltr'><strong>Sanctitas</strong></span> <span class='ocrx_word' id='word_1_32' title='bbox 288 913 359 996; x_wconf 91' lang='lat' dir='ltr'><strong>ipsa</strong></span> <span class='ocrx_word' id='word_1_33' title='bbox 375 933 439 977; x_wconf 91' lang='lat' dir='ltr'><strong>uon</strong></span> <span class='ocrx_word' id='word_1_34' title='bbox 457 912 562 977; x_wconf 88' lang='lat' dir='ltr'><strong>solum</strong></span> <span class='ocrx_word' id='word_1_35' title='bbox 580 934 638 996; x_wconf 88' lang='lat' dir='ltr'><strong>per</strong></span> <span class='ocrx_word' id='word_1_36' title='bbox 663 912 784 992; x_wconf 83' lang='lat' dir='ltr'>literas,</span> <span class='ocrx_word' id='word_1_37' title='bbox 811 933 873 995; x_wconf 93' lang='lat' dir='ltr'><strong>que</strong></span> <span class='ocrx_word' id='word_1_38' title='bbox 898 911 998 977; x_wconf 91' lang='lat' dir='ltr'><strong>semel</strong></span> <span class='ocrx_word' id='word_1_39' title='bbox 1023 910 1105 976; x_wconf 90' lang='lat' dir='ltr'><strong>lecte</strong></span> <span class='ocrx_word' id='word_1_40' title='bbox 1120 931 1236 993; x_wconf 91' lang='lat' dir='ltr'><strong>parum</strong></span> 
     </span>
     <span class='ocr_line' id='line_1_6' title="bbox 18 1003 1245 1106; baseline -0.006 -17"><span class='ocrx_word' id='word_1_41' title='bbox 18 1065 21 1106; x_wconf 51' lang='lat' dir='ltr'><strong>t</strong></span> <span class='ocrx_word' id='word_1_42' title='bbox 104 1023 209 1089; x_wconf 89' lang='lat' dir='ltr'><strong>solent</strong></span> <span class='ocrx_word' id='word_1_43' title='bbox 235 1024 330 1088; x_wconf 90' lang='lat' dir='ltr'><strong>rebus</strong></span> <span class='ocrx_word' id='word_1_44' title='bbox 355 1023 482 1104; x_wconf 83' lang='lat' dir='ltr'><strong>magnis</strong></span> <span class='ocrx_word' id='word_1_45' title='bbox 508 1028 541 1086; x_wconf 89' lang='lat' dir='ltr'><strong>et</strong></span> <span class='ocrx_word' id='word_1_46' title='bbox 566 1020 679 1105; x_wconf 87' lang='lat' dir='ltr'><strong>aliqua</strong></span> <span class='ocrx_word' id='word_1_47' title='bbox 705 1020 901 1087; x_wconf 88' lang='lat' dir='ltr'><strong>difficultate</strong></span> <span class='ocrx_word' id='word_1_48' title='bbox 926 1019 1093 1104; x_wconf 76' lang='lat' dir='ltr'>implicitis</span> <span class='ocrx_word' id='word_1_49' title='bbox 1120 1003 1245 1083; x_wconf 85' lang='lat' dir='ltr'><strong>afferre</strong></span> 
     </span>
     <span class='ocr_line' id='line_1_7' title="bbox 18 1109 1234 1212; baseline -0.004 -16"><span class='ocrx_word' id='word_1_50' title='bbox 18 1109 20 1136; x_wconf 64' lang='lat'><strong>¹</strong></span> <span class='ocrx_word' id='word_1_51' title='bbox 102 1136 310 1210; x_wconf 79' lang='lat' dir='ltr'><strong>momentum,</strong></span> <span class='ocrx_word' id='word_1_52' title='bbox 335 1127 392 1194; x_wconf 89' lang='lat' dir='ltr'><strong>sed</strong></span> <span class='ocrx_word' id='word_1_53' title='bbox 409 1129 509 1194; x_wconf 86' lang='lat' dir='ltr'><strong>etiam</strong></span> <span class='ocrx_word' id='word_1_54' title='bbox 526 1150 585 1212; x_wconf 91' lang='lat' dir='ltr'><strong>per</strong></span> <span class='ocrx_word' id='word_1_55' title='bbox 601 1125 775 1194; x_wconf 77' lang='lat' dir='ltr'><strong>Oratorem</strong></span> <span class='ocrx_word' id='word_1_56' title='bbox 792 1129 984 1212; x_wconf 84' lang='lat' dir='ltr'><strong>quempiam,</strong></span> <span class='ocrx_word' id='word_1_57' title='bbox 1001 1127 1067 1192; x_wconf 86' lang='lat' dir='ltr'><strong>sive</strong></span> <span class='ocrx_word' id='word_1_58' title='bbox 1084 1127 1234 1191; x_wconf 89' lang='lat' dir='ltr'><strong>nuntium</strong></span> 
     </span>
     <span class='ocr_line' id='line_1_8' title="bbox 104 1235 1236 1324; baseline -0.004 -20"><span class='ocrx_word' id='word_1_59' title='bbox 104 1241 237 1324; x_wconf 90' lang='lat' dir='ltr'><strong>operari</strong></span> <span class='ocrx_word' id='word_1_60' title='bbox 259 1247 290 1304; x_wconf 86' lang='lat' dir='ltr'><strong>et</strong></span> <span class='ocrx_word' id='word_1_61' title='bbox 322 1238 451 1305; x_wconf 88' lang='lat' dir='ltr'><strong>efficere</strong></span> <span class='ocrx_word' id='word_1_62' title='bbox 476 1238 640 1324; x_wconf 81' lang='lat' dir='ltr'><strong>dignetur,</strong></span> <span class='ocrx_word' id='word_1_63' title='bbox 670 1245 708 1304; x_wconf 90' lang='lat' dir='ltr'><strong>ut</strong></span> <span class='ocrx_word' id='word_1_64' title='bbox 738 1239 900 1324; x_wconf 85' lang='lat' dir='ltr'><strong>Majestas</strong></span> <span class='ocrx_word' id='word_1_65' title='bbox 931 1239 1003 1322; x_wconf 91' lang='lat' dir='ltr'><strong>ipsa</strong></span> <span class='ocrx_word' id='word_1_66' title='bbox 1031 1235 1236 1320; x_wconf 88' lang='lat' dir='ltr'><strong>supradictos</strong></span> 
     </span>
     <span class='ocr_line' id='line_1_9' title="bbox 17 1344 1236 1434; baseline -0.004 -21"><span class='ocrx_word' id='word_1_67' title='bbox 17 1393 18 1434; x_wconf 74' lang='lat'><em>3</em></span> <span class='ocrx_word' id='word_1_68' title='bbox 102 1349 236 1414; x_wconf 86' lang='lat' dir='ltr'><strong>comites</strong></span> <span class='ocrx_word' id='word_1_69' title='bbox 252 1348 286 1411; x_wconf 91' lang='lat' dir='ltr'><strong>in</strong></span> <span class='ocrx_word' id='word_1_70' title='bbox 302 1348 442 1428; x_wconf 74' lang='lat' dir='ltr'><strong>gratiam</strong></span> <span class='ocrx_word' id='word_1_71' title='bbox 462 1347 608 1431; x_wconf 87' lang='lat' dir='ltr'><strong>recipiet,</strong></span> <span class='ocrx_word' id='word_1_72' title='bbox 634 1349 746 1430; x_wconf 88' lang='lat' dir='ltr'><strong>eisque</strong></span> <span class='ocrx_word' id='word_1_73' title='bbox 770 1349 884 1414; x_wconf 90' lang='lat' dir='ltr'><strong>urbem</strong></span> <span class='ocrx_word' id='word_1_74' title='bbox 909 1367 1001 1412; x_wconf 87' lang='lat' dir='ltr'><strong>suam</strong></span> <span class='ocrx_word' id='word_1_75' title='bbox 1025 1344 1187 1428; x_wconf 89' lang='lat' dir='ltr'><strong>restituat,</strong></span> <span class='ocrx_word' id='word_1_76' title='bbox 1202 1349 1236 1411; x_wconf 92' lang='lat' dir='ltr'><strong>et</strong></span> 
     </span>
     <span class='ocr_line' id='line_1_10' title="bbox 17 1449 1235 1537; baseline -0.002 -14"><span class='ocrx_word' id='word_1_77' title='bbox 17 1449 19 1464; x_wconf 86' lang='lat'>&#39;</span> <span class='ocrx_word' id='word_1_78' title='bbox 99 1458 187 1523; x_wconf 87' lang='lat' dir='ltr'><strong>sinat</strong></span> <span class='ocrx_word' id='word_1_79' title='bbox 204 1478 259 1522; x_wconf 87' lang='lat' dir='ltr'><strong>eos</strong></span> <span class='ocrx_word' id='word_1_80' title='bbox 285 1456 344 1523; x_wconf 89' lang='lat' dir='ltr'><strong>sub</strong></span> <span class='ocrx_word' id='word_1_81' title='bbox 369 1463 522 1522; x_wconf 89' lang='lat' dir='ltr'><strong>consueta</strong></span> <span class='ocrx_word' id='word_1_82' title='bbox 545 1456 676 1522; x_wconf 88' lang='lat' dir='ltr'><strong>illorum</strong></span> <span class='ocrx_word' id='word_1_83' title='bbox 700 1457 872 1523; x_wconf 88' lang='lat' dir='ltr'><strong>devotione</strong></span> <span class='ocrx_word' id='word_1_84' title='bbox 898 1465 933 1524; x_wconf 89' lang='lat' dir='ltr'><strong>et</strong></span> <span class='ocrx_word' id='word_1_85' title='bbox 956 1457 1140 1521; x_wconf 86' lang='lat' dir='ltr'><strong>reverentia</strong></span> <span class='ocrx_word' id='word_1_86' title='bbox 1155 1475 1235 1537; x_wconf 84' lang='lat' dir='ltr'><strong>erga</strong></span> 
     </span>
     <span class='ocr_line' id='line_1_11' title="bbox 96 1563 1232 1650; baseline -0.001 -19"><span class='ocrx_word' id='word_1_87' title='bbox 96 1563 225 1650; x_wconf 77' lang='lat' dir='ltr'><strong>Regale</strong></span> <span class='ocrx_word' id='word_1_88' title='bbox 250 1564 423 1648; x_wconf 80' lang='lat' dir='ltr'><strong>Hungarie</strong></span> <span class='ocrx_word' id='word_1_89' title='bbox 450 1565 567 1631; x_wconf 92' lang='lat' dir='ltr'><strong>solium</strong></span> <span class='ocrx_word' id='word_1_90' title='bbox 591 1565 760 1650; x_wconf 87' lang='lat' dir='ltr'><strong>possidere</strong></span> <span class='ocrx_word' id='word_1_91' title='bbox 785 1573 817 1632; x_wconf 87' lang='lat' dir='ltr'><strong>et</strong></span> <span class='ocrx_word' id='word_1_92' title='bbox 841 1565 905 1632; x_wconf 84' lang='lat' dir='ltr'><strong>frui</strong></span> <span class='ocrx_word' id='word_1_93' title='bbox 932 1571 1024 1632; x_wconf 83' lang='lat' dir='ltr'><strong>statu</strong></span> <span class='ocrx_word' id='word_1_94' title='bbox 1050 1586 1172 1646; x_wconf 88' lang='lat' dir='ltr'><strong>eorum,</strong></span> <span class='ocrx_word' id='word_1_95' title='bbox 1193 1587 1232 1630; x_wconf 93' lang='lat' dir='ltr'><strong>ne</strong></span> 
     </span>
     <span class='ocr_line' id='line_1_12' title="bbox 98 1673 1234 1760; baseline -0.003 -20"><span class='ocrx_word' id='word_1_96' title='bbox 98 1673 218 1740; x_wconf 72' lang='lat' dir='ltr'><strong>Turris</strong></span> <span class='ocrx_word' id='word_1_97' title='bbox 234 1677 330 1739; x_wconf 89' lang='lat' dir='ltr'><strong>tanta</strong></span> <span class='ocrx_word' id='word_1_98' title='bbox 344 1679 508 1758; x_wconf 82' lang='lat' dir='ltr'><strong>prestetur</strong></span> <span class='ocrx_word' id='word_1_99' title='bbox 524 1674 665 1741; x_wconf 83' lang='lat' dir='ltr'><strong>facultas</strong></span> <span class='ocrx_word' id='word_1_100' title='bbox 692 1682 725 1742; x_wconf 90' lang='lat' dir='ltr'><strong>et</strong></span> <span class='ocrx_word' id='word_1_101' title='bbox 751 1676 879 1742; x_wconf 89' lang='lat' dir='ltr'><strong>occasio</strong></span> <span class='ocrx_word' id='word_1_102' title='bbox 905 1675 1064 1760; x_wconf 79' lang='lat' dir='ltr'><strong>pernities</strong></span> <span class='ocrx_word' id='word_1_103' title='bbox 1081 1676 1115 1740; x_wconf 91' lang='lat' dir='ltr'><strong>in</strong></span> <span class='ocrx_word' id='word_1_104' title='bbox 1132 1673 1234 1740; x_wconf 90' lang='lat' dir='ltr'><strong>chris-</strong></span> 
     </span>
     <span class='ocr_line' id='line_1_13' title="bbox 98 1781 1235 1868; baseline -0.002 -20"><span class='ocrx_word' id='word_1_105' title='bbox 98 1782 268 1849; x_wconf 88' lang='lat' dir='ltr'><strong>tianorum</strong></span> <span class='ocrx_word' id='word_1_106' title='bbox 298 1784 421 1848; x_wconf 80' lang='lat' dir='ltr'><strong>viscere</strong></span> <span class='ocrx_word' id='word_1_107' title='bbox 447 1784 650 1866; x_wconf 86' lang='lat' dir='ltr'><strong>penetrandi,</strong></span> <span class='ocrx_word' id='word_1_108' title='bbox 678 1791 807 1867; x_wconf 83' lang='lat' dir='ltr'><strong>quanta</strong></span> <span class='ocrx_word' id='word_1_109' title='bbox 836 1789 1047 1868; x_wconf 85' lang='lat' dir='ltr'><strong>prestaretur,</strong></span> <span class='ocrx_word' id='word_1_110' title='bbox 1078 1783 1105 1848; x_wconf 90' lang='lat' dir='ltr'><strong>si</strong></span> <span class='ocrx_word' id='word_1_111' title='bbox 1136 1781 1235 1865; x_wconf 89' lang='lat' dir='ltr'><strong>opida</strong></span> 
     </span>
     <span class='ocr_line' id='line_1_14' title="bbox 16 1888 1234 1980; baseline 0 -24"><span class='ocrx_word' id='word_1_112' title='bbox 16 1977 17 1980; x_wconf 8' lang='grc' dir='ltr'><strong>Ἴ</strong></span> <span class='ocrx_word' id='word_1_113' title='bbox 97 1888 266 1957; x_wconf 79' lang='lat' dir='ltr'><strong>Comitum</strong></span> <span class='ocrx_word' id='word_1_114' title='bbox 280 1890 504 1975; x_wconf 86' lang='lat' dir='ltr'><strong>predictorum</strong></span> <span class='ocrx_word' id='word_1_115' title='bbox 520 1893 554 1956; x_wconf 90' lang='lat' dir='ltr'><strong>in</strong></span> <span class='ocrx_word' id='word_1_116' title='bbox 569 1893 702 1958; x_wconf 84' lang='lat' dir='ltr'><strong>illorum</strong></span> <span class='ocrx_word' id='word_1_117' title='bbox 717 1915 833 1959; x_wconf 90' lang='lat' dir='ltr'><strong>manus</strong></span> <span class='ocrx_word' id='word_1_118' title='bbox 849 1893 1046 1959; x_wconf 83' lang='lat' dir='ltr'><strong>devenirent.</strong></span> <span class='ocrx_word' id='word_1_119' title='bbox 1058 1888 1123 1956; x_wconf 89' lang='lat' dir='ltr'><strong>Pro</strong></span> <span class='ocrx_word' id='word_1_120' title='bbox 1133 1893 1234 1974; x_wconf 90' lang='lat' dir='ltr'><strong>impe·</strong></span> 
     </span>
     <span class='ocr_line' id='line_1_15' title="bbox 15 1997 1235 2085; baseline 0 -21"><span class='ocrx_word' id='word_1_121' title='bbox 15 2027 16 2030; x_wconf 41' lang='lat'>¹</span> <span class='ocrx_word' id='word_1_122' title='bbox 95 2000 219 2066; x_wconf 72' lang='lat' dir='ltr'><strong>nanda</strong></span> <span class='ocrx_word' id='word_1_123' title='bbox 243 1999 431 2084; x_wconf 87' lang='lat' dir='ltr'><strong>hujusmodi</strong></span> <span class='ocrx_word' id='word_1_124' title='bbox 462 1999 621 2085; x_wconf 88' lang='lat' dir='ltr'><strong>pontificij</strong></span> <span class='ocrx_word' id='word_1_125' title='bbox 649 1999 799 2068; x_wconf 88' lang='lat' dir='ltr'><strong>Oratoris</strong></span> <span class='ocrx_word' id='word_1_126' title='bbox 833 2003 899 2068; x_wconf 85' lang='lat' dir='ltr'><strong>sive</strong></span> <span class='ocrx_word' id='word_1_127' title='bbox 931 1997 1047 2084; x_wconf 88' lang='lat' dir='ltr'><strong>Nuntij</strong></span> <span class='ocrx_word' id='word_1_128' title='bbox 1080 2001 1235 2066; x_wconf 87' lang='lat' dir='ltr'><strong>missione</strong></span> 
     </span>
    </p>
   </div>
   <div class='ocr_carea' id='block_1_3' title="bbox 15 2093 767 2299">
    <p class='ocr_par' dir='ltr' id='par_1_3' title="bbox 15 2093 767 2299">
     <span class='ocr_line' id='line_1_16' title="bbox 15 2093 767 2194; baseline 0.001 -21"><span class='ocrx_word' id='word_1_129' title='bbox 15 2093 16 2096; x_wconf 22' lang='lat'>¹</span> <span class='ocrx_word' id='word_1_130' title='bbox 94 2127 224 2174; x_wconf 87' lang='lat' dir='ltr'><strong>omnem</strong></span> <span class='ocrx_word' id='word_1_131' title='bbox 238 2113 378 2174; x_wconf 84' lang='lat' dir='ltr'><strong>vestram</strong></span> <span class='ocrx_word' id='word_1_132' title='bbox 393 2107 537 2176; x_wconf 84' lang='lat' dir='ltr'><strong>adhibite</strong></span> <span class='ocrx_word' id='word_1_133' title='bbox 554 2109 767 2194; x_wconf 85' lang='lat' dir='ltr'><strong>diligentiam.</strong></span> 
     </span>
     <span class='ocr_line' id='line_1_17' title="bbox 205 2213 704 2299; baseline 0.008 -18"><span class='ocrx_word' id='word_1_134' title='bbox 205 2213 249 2299; x_wconf 54' lang='grc' dir='ltr'>ψ</span> <span class='ocrx_word' id='word_1_135' title='bbox 296 2219 360 2282; x_wconf 84' lang='lat'><strong>140</strong></span> <span class='ocrx_word' id='word_1_136' title='bbox 406 2257 449 2267; x_wconf 83' lang='grc'><strong>-</strong></span> <span class='ocrx_word' id='word_1_137' title='bbox 499 2222 538 2282; x_wconf 88' lang='lat'><strong>16</strong></span> <span class='ocrx_word' id='word_1_138' title='bbox 585 2257 628 2268; x_wconf 88' lang='lat'><em>-</em></span> <span class='ocrx_word' id='word_1_139' title='bbox 675 2223 704 2285; x_wconf 87' lang='lat'><strong>3.</strong></span> 
     </span>
    </p>
   </div>
   <div class='ocr_carea' id='block_1_4' title="bbox 208 2381 654 2448">
    <p class='ocr_par' dir='ltr' id='par_1_4' title="bbox 208 2381 654 2448">
     <span class='ocr_line' id='line_1_18' title="bbox 208 2381 654 2448; baseline 0.002 -17"><span class='ocrx_word' id='word_1_140' title='bbox 208 2381 363 2442; x_wconf 86' lang='lat' dir='ltr'><strong>(Velenczei</strong></span> <span class='ocrx_word' id='word_1_141' title='bbox 376 2381 553 2448; x_wconf 75' lang='lat' dir='ltr'><strong>allamkdnyv</strong></span> <span class='ocrx_word' id='word_1_142' title='bbox 566 2385 611 2434; x_wconf 76' lang='lat'><strong>62.</strong></span> <span class='ocrx_word' id='word_1_143' title='bbox 623 2383 654 2443; x_wconf 88' lang='lat' dir='ltr'><strong>l.)</strong></span> 
     </span>
    </p>
   </div>
   <div class='ocr_carea' id='block_1_5' title="bbox 630 2691 701 2753">
    <p class='ocr_par' dir='ltr' id='par_1_5' title="bbox 630 2691 701 2753">
     <span class='ocr_line' id='line_1_19' title="bbox 630 2691 701 2753; baseline -0.014 -1"><span class='ocrx_word' id='word_1_144' title='bbox 630 2691 701 2753; x_wconf 93' lang='grc'><strong>105.</strong></span> 
     </span>
    </p>
   </div>
   <div class='ocr_carea' id='block_1_6' title="bbox 94 2851 1390 3048">
    <p class='ocr_par' dir='ltr' id='par_1_6' title="bbox 94 2851 1390 3048">
     <span class='ocr_line' id='line_1_20' title="bbox 94 2851 1230 2919; baseline 0 -5"><span class='ocrx_word' id='word_1_145' title='bbox 94 2852 193 2916; x_wconf 80' lang='grc'><strong>1469.</strong></span> <span class='ocrx_word' id='word_1_146' title='bbox 211 2852 403 2916; x_wconf 81' lang='lat' dir='ltr'><strong>Aoeleerzei</strong></span> <span class='ocrx_word' id='word_1_147' title='bbox 418 2851 637 2916; x_wconf 77' lang='lat' dir='ltr'><strong>dilamtcadce</strong></span> <span class='ocrx_word' id='word_1_148' title='bbox 654 2852 823 2918; x_wconf 64' lang='lat' dir='ltr'><strong>Remum</strong></span> <span class='ocrx_word' id='word_1_149' title='bbox 834 2853 954 2918; x_wconf 81' lang='lat' dir='ltr'><strong>eze&#39;keld</strong></span> <span class='ocrx_word' id='word_1_150' title='bbox 969 2855 1089 2919; x_wconf 79' lang='lat' dir='ltr'><strong>kdoete&#39;t</strong></span> <span class='ocrx_word' id='word_1_151' title='bbox 1106 2878 1128 2918; x_wconf 86' lang='lat' dir='ltr'><strong>c</strong></span> <span class='ocrx_word' id='word_1_152' title='bbox 1147 2854 1230 2918; x_wconf 85' lang='lat' dir='ltr'><strong>Leu-</strong></span> 
     </span>
     <span class='ocr_line' id='line_1_21' title="bbox 250 2957 1390 3048; baseline -0.003 -23"><span class='ocrx_word' id='word_1_153' title='bbox 250 2958 320 3045; x_wconf 72' lang='lat' dir='ltr'><strong>ppel</strong></span> <span class='ocrx_word' id='word_1_154' title='bbox 336 2959 449 3045; x_wconf 73' lang='lat' dir='ltr'><strong>lcirdly</strong></span> <span class='ocrx_word' id='word_1_155' title='bbox 465 2959 632 3024; x_wconf 79' lang='lat' dir='ltr'><strong>kducte&#39;aelc</strong></span> <span class='ocrx_word' id='word_1_156' title='bbox 645 2961 907 3047; x_wconf 73' lang='lat' dir='ltr'><strong>qumolc&#39;tdadra</strong></span> <span class='ocrx_word' id='word_1_157' title='bbox 926 2966 1076 3048; x_wconf 58' lang='grc' dir='ltr'><strong>ιὶίαιίῄα.</strong></span> <span class='ocrx_word' id='word_1_158' title='bbox 1172 2967 1174 2972; x_wconf 81' lang='grc'>’</span> <span class='ocrx_word' id='word_1_159' title='bbox 1275 2957 1277 2960; x_wconf 63' lang='grc'><strong>’</strong></span> <span class='ocrx_word' id='word_1_160' title='bbox 1387 3005 1390 3012; x_wconf 82' lang='lat'>·</span> 
     </span>
    </p>
   </div>
   <div class='ocr_carea' id='block_1_7' title="bbox 13 3119 1297 4486">
    <p class='ocr_par' dir='ltr' id='par_1_7' title="bbox 13 3119 1297 4163">
     <span class='ocr_line' id='line_1_22' title="bbox 13 3119 493 3210; baseline 0.006 -27"><span class='ocrx_word' id='word_1_161' title='bbox 13 3201 15 3210; x_wconf 41' lang='lat'><strong>,</strong></span> <span class='ocrx_word' id='word_1_162' title='bbox 93 3119 159 3185; x_wconf 91' lang='lat' dir='ltr'><strong>Die</strong></span> <span class='ocrx_word' id='word_1_163' title='bbox 178 3120 380 3186; x_wconf 71' lang='lat' dir='ltr'><strong>aJanuafii</strong></span> <span class='ocrx_word' id='word_1_164' title='bbox 398 3123 493 3186; x_wconf 87' lang='grc'><strong>1469.</strong></span> 
     </span>
     <span class='ocr_line' id='line_1_23' title="bbox 13 3225 1228 3316; baseline 0.003 -22"><span class='ocrx_word' id='word_1_165' title='bbox 13 3233 15 3294; x_wconf 74' lang='lat' dir='ltr'>i</span> <span class='ocrx_word' id='word_1_166' title='bbox 210 3225 271 3294; x_wconf 87' lang='lat' dir='ltr'><strong>Ser</strong></span> <span class='ocrx_word' id='word_1_167' title='bbox 286 3227 464 3294; x_wconf 81' lang='lat' dir='ltr'><strong>Francisco</strong></span> <span class='ocrx_word' id='word_1_168' title='bbox 480 3226 505 3292; x_wconf 90' lang='lat' dir='ltr'><strong>J</strong></span> <span class='ocrx_word' id='word_1_169' title='bbox 506 3228 671 3294; x_wconf 83' lang='lat' dir='ltr'><strong>usticiano</strong></span> <span class='ocrx_word' id='word_1_170' title='bbox 688 3229 793 3310; x_wconf 89' lang='lat' dir='ltr'><strong>militi,</strong></span> <span class='ocrx_word' id='word_1_171' title='bbox 809 3227 944 3297; x_wconf 86' lang='lat' dir='ltr'><strong>Oratori</strong></span> <span class='ocrx_word' id='word_1_172' title='bbox 961 3237 1072 3298; x_wconf 90' lang='lat' dir='ltr'><strong>nostro</strong></span> <span class='ocrx_word' id='word_1_173' title='bbox 1100 3233 1186 3316; x_wconf 90' lang='lat' dir='ltr'><strong>apud</strong></span> <span class='ocrx_word' id='word_1_174' title='bbox 1205 3229 1228 3299; x_wconf 85' lang='lat' dir='ltr'>S</span> 
     </span>
     <span class='ocr_line' id='line_1_24' title="bbox 13 3335 1250 3412; baseline 0.006 -12"><span class='ocrx_word' id='word_1_175' title='bbox 13 3361 15 3412; x_wconf 43' lang='grc' dir='ltr'><em>μ</em></span> <span class='ocrx_word' id='word_1_176' title='bbox 95 3335 302 3402; x_wconf 88' lang='lat' dir='ltr'><strong>Pontificem.</strong></span> <span class='ocrx_word' id='word_1_177' title='bbox 1248 3346 1250 3350; x_wconf 84' lang='grc'><strong>’</strong></span> 
     </span>
     <span class='ocr_line' id='line_1_25' title="bbox 13 3443 1230 3529; baseline 0.005 -19"><span class='ocrx_word' id='word_1_178' title='bbox 13 3461 14 3464; x_wconf 73' lang='grc'>’</span> <span class='ocrx_word' id='word_1_179' title='bbox 205 3443 242 3511; x_wconf 87' lang='lat' dir='ltr'><strong>Si</strong></span> <span class='ocrx_word' id='word_1_180' title='bbox 258 3445 301 3511; x_wconf 91' lang='lat' dir='ltr'><strong>ad</strong></span> <span class='ocrx_word' id='word_1_181' title='bbox 311 3445 531 3528; x_wconf 89' lang='lat' dir='ltr'><strong>receptionem</strong></span> <span class='ocrx_word' id='word_1_182' title='bbox 547 3448 749 3529; x_wconf 85' lang='lat' dir='ltr'><strong>presentium</strong></span> <span class='ocrx_word' id='word_1_183' title='bbox 764 3447 797 3510; x_wconf 90' lang='lat' dir='ltr'><strong>in</strong></span> <span class='ocrx_word' id='word_1_184' title='bbox 815 3445 917 3512; x_wconf 78' lang='lat' dir='ltr'><strong>Curia</strong></span> <span class='ocrx_word' id='word_1_185' title='bbox 932 3446 1018 3514; x_wconf 84' lang='lat' dir='ltr'><strong>forte</strong></span> <span class='ocrx_word' id='word_1_186' title='bbox 1034 3457 1142 3515; x_wconf 90' lang='lat' dir='ltr'><strong>essent</strong></span> <span class='ocrx_word' id='word_1_187' title='bbox 1158 3471 1230 3516; x_wconf 87' lang='lat' dir='ltr'><strong>cra·</strong></span> 
     </span>
     <span class='ocr_line' id='line_1_26' title="bbox 13 3551 1232 3640; baseline 0.007 -25"><span class='ocrx_word' id='word_1_188' title='bbox 13 3569 15 3634; x_wconf 61' lang='grc' dir='ltr'>ᾗ</span> <span class='ocrx_word' id='word_1_189' title='bbox 91 3559 182 3618; x_wconf 87' lang='lat' dir='ltr'><strong>tores</strong></span> <span class='ocrx_word' id='word_1_190' title='bbox 210 3552 414 3619; x_wconf 83' lang='lat' dir='ltr'><strong>Serenissimi</strong></span> <span class='ocrx_word' id='word_1_191' title='bbox 445 3551 578 3620; x_wconf 87' lang='lat' dir='ltr'><strong>Domini</strong></span> <span class='ocrx_word' id='word_1_192' title='bbox 609 3554 723 3637; x_wconf 84' lang='lat' dir='ltr'><strong>Regis.</strong></span> <span class='ocrx_word' id='word_1_193' title='bbox 755 3555 900 3636; x_wconf 91' lang='lat' dir='ltr'><strong>Polonie,</strong></span> <span class='ocrx_word' id='word_1_194' title='bbox 932 3557 1087 3640; x_wconf 89' lang='lat' dir='ltr'><strong>volumus,</strong></span> <span class='ocrx_word' id='word_1_195' title='bbox 1118 3565 1154 3623; x_wconf 91' lang='lat' dir='ltr'><strong>ut</strong></span> <span class='ocrx_word' id='word_1_196' title='bbox 1178 3579 1232 3624; x_wconf 90' lang='lat' dir='ltr'><strong>eos</strong></span> 
     </span>
     <span class='ocr_line' id='line_1_27' title="bbox 13 3641 1232 3744; baseline 0.007 -18"><span class='ocrx_word' id='word_1_197' title='bbox 13 3641 17 3744; x_wconf 38' lang='grc' dir='ltr'>ἱ</span> <span class='ocrx_word' id='word_1_198' title='bbox 92 3670 208 3727; x_wconf 88' lang='lat' dir='ltr'><strong>nostro</strong></span> <span class='ocrx_word' id='word_1_199' title='bbox 225 3664 353 3726; x_wconf 89' lang='lat' dir='ltr'><strong>nomine</strong></span> <span class='ocrx_word' id='word_1_200' title='bbox 370 3663 518 3742; x_wconf 80' lang='lat' dir='ltr'><strong>visitatis,</strong></span> <span class='ocrx_word' id='word_1_201' title='bbox 535 3669 567 3726; x_wconf 87' lang='lat' dir='ltr'><strong>et</strong></span> <span class='ocrx_word' id='word_1_202' title='bbox 585 3671 865 3729; x_wconf 83' lang='lat' dir='ltr'><strong>vestra·consveta</strong></span> <span class='ocrx_word' id='word_1_203' title='bbox 890 3663 1088 3733; x_wconf 88' lang='lat' dir='ltr'><strong>affabilitate</strong></span> <span class='ocrx_word' id='word_1_204' title='bbox 1117 3667 1232 3734; x_wconf 84' lang='lat' dir='ltr'><strong>offera-</strong></span> 
     </span>
     <span class='ocr_line' id='line_1_28' title="bbox 13 3772 1297 3859; baseline 0.006 -24"><span class='ocrx_word' id='word_1_205' title='bbox 13 3845 14 3858; x_wconf 11' lang='grc' dir='ltr'>ζ</span> <span class='ocrx_word' id='word_1_206' title='bbox 93 3772 135 3836; x_wconf 90' lang='lat' dir='ltr'><strong>tis</strong></span> <span class='ocrx_word' id='word_1_207' title='bbox 162 3793 221 3837; x_wconf 90' lang='lat' dir='ltr'><strong>vos</strong></span> <span class='ocrx_word' id='word_1_208' title='bbox 245 3773 278 3836; x_wconf 88' lang='lat' dir='ltr'><strong>in</strong></span> <span class='ocrx_word' id='word_1_209' title='bbox 304 3793 431 3836; x_wconf 90' lang='lat' dir='ltr'><strong>omnem</strong></span> <span class='ocrx_word' id='word_1_210' title='bbox 456 3772 587 3838; x_wconf 91' lang='lat' dir='ltr'><strong>illorum</strong></span> <span class='ocrx_word' id='word_1_211' title='bbox 614 3773 818 3838; x_wconf 89' lang='lat' dir='ltr'><strong>commodum</strong></span> <span class='ocrx_word' id='word_1_212' title='bbox 845 3782 879 3839; x_wconf 89' lang='lat' dir='ltr'><strong>et</strong></span> <span class='ocrx_word' id='word_1_213' title='bbox 904 3773 1060 3840; x_wconf 91' lang='lat' dir='ltr'><strong>honorem</strong></span> <span class='ocrx_word' id='word_1_214' title='bbox 1075 3783 1228 3859; x_wconf 88' lang='lat' dir='ltr'><strong>paratum</strong></span> <span class='ocrx_word' id='word_1_215' title='bbox 1295 3797 1297 3802; x_wconf 86' lang='lat'>·</span> 
     </span>
     <span class='ocr_line' id='line_1_29' title="bbox 93 3879 1230 3968; baseline 0.007 -26"><span class='ocrx_word' id='word_1_216' title='bbox 93 3901 168 3942; x_wconf 82' lang='lat' dir='ltr'><strong>cum</strong></span> <span class='ocrx_word' id='word_1_217' title='bbox 187 3881 274 3944; x_wconf 91' lang='lat' dir='ltr'><strong>omni</strong></span> <span class='ocrx_word' id='word_1_218' title='bbox 292 3879 531 3962; x_wconf 83' lang='lat' dir='ltr'><strong>significatione</strong></span> <span class='ocrx_word' id='word_1_219' title='bbox 547 3882 763 3946; x_wconf 85' lang='lat' dir='ltr'><strong>benivolentia</strong></span> <span class='ocrx_word' id='word_1_220' title='bbox 781 3889 815 3947; x_wconf 91' lang='lat' dir='ltr'><strong>et</strong></span> <span class='ocrx_word' id='word_1_221' title='bbox 827 3884 1027 3948; x_wconf 89' lang='lat' dir='ltr'><strong>amoristum</strong></span> <span class='ocrx_word' id='word_1_222' title='bbox 1044 3883 1230 3968; x_wconf 84' lang='lat' dir='ltr'><strong>iuRegiam</strong></span> 
     </span>
     <span class='ocr_line' id='line_1_30' title="bbox 91 3983 1229 4076; baseline 0.006 -24"><span class='ocrx_word' id='word_1_223' title='bbox 91 3986 304 4070; x_wconf 87' lang='lat' dir='ltr'><strong>Majestatem</strong></span> <span class='ocrx_word' id='word_1_224' title='bbox 321 3983 526 4052; x_wconf 86' lang='lat' dir='ltr'><strong>Serenissimi</strong></span> <span class='ocrx_word' id='word_1_225' title='bbox 543 3988 677 4053; x_wconf 90' lang='lat' dir='ltr'><strong>Domini</strong></span> <span class='ocrx_word' id='word_1_226' title='bbox 694 3989 799 4072; x_wconf 85' lang='lat' dir='ltr'><strong>Regis</strong></span> <span class='ocrx_word' id='word_1_227' title='bbox 814 4011 933 4073; x_wconf 91' lang='lat' dir='ltr'><strong>eorum,</strong></span> <span class='ocrx_word' id='word_1_228' title='bbox 950 3991 1033 4056; x_wconf 88' lang='lat' dir='ltr'><strong>sicut</strong></span> <span class='ocrx_word' id='word_1_229' title='bbox 1059 3993 1140 4059; x_wconf 92' lang='lat' dir='ltr'><strong>bene</strong></span> <span class='ocrx_word' id='word_1_230' title='bbox 1167 4015 1229 4076; x_wconf 93' lang='lat' dir='ltr'><strong>pro</strong></span> 
     </span>
     <span class='ocr_line' id='line_1_31' title="bbox 93 4093 676 4163; baseline 0.007 -5"><span class='ocrx_word' id='word_1_231' title='bbox 93 4100 205 4160; x_wconf 81' lang='lat' dir='ltr'><strong>vestra</strong></span> <span class='ocrx_word' id='word_1_232' title='bbox 222 4093 420 4161; x_wconf 83' lang='lat' dir='ltr'><strong>dexteritate</strong></span> <span class='ocrx_word' id='word_1_233' title='bbox 435 4095 543 4162; x_wconf 86' lang='lat' dir='ltr'><strong>facere</strong></span> <span class='ocrx_word' id='word_1_234' title='bbox 559 4098 676 4163; x_wconf 87' lang='lat' dir='ltr'><strong>scietis.</strong></span> 
     </span>
    </p>

    <p class='ocr_par' dir='ltr' id='par_1_8' title="bbox 205 4200 626 4286">
     <span class='ocr_line' id='line_1_32' title="bbox 205 4200 626 4286; baseline 0.01 -20"><span class='ocrx_word' id='word_1_235' title='bbox 205 4200 257 4266; x_wconf 90' lang='lat' dir='ltr'><strong>De</strong></span> <span class='ocrx_word' id='word_1_236' title='bbox 273 4209 370 4286; x_wconf 90' lang='lat' dir='ltr'><strong>parte</strong></span> <span class='ocrx_word' id='word_1_237' title='bbox 459 4242 503 4251; x_wconf 86' lang='lat'><em>-</em></span> <span class='ocrx_word' id='word_1_238' title='bbox 553 4208 626 4270; x_wconf 90' lang='grc'><strong>153.</strong></span> 
     </span>
    </p>

    <p class='ocr_par' dir='ltr' id='par_1_9' title="bbox 204 4308 628 4378">
     <span class='ocr_line' id='line_1_33' title="bbox 204 4308 628 4378; baseline 0.007 -3"><span class='ocrx_word' id='word_1_239' title='bbox 204 4308 258 4376; x_wconf 93' lang='lat' dir='ltr'><strong>De</strong></span> <span class='ocrx_word' id='word_1_240' title='bbox 273 4333 338 4376; x_wconf 89' lang='lat' dir='ltr'><strong>nou</strong></span> <span class='ocrx_word' id='word_1_241' title='bbox 463 4351 506 4360; x_wconf 89' lang='lat'><em>-</em></span> <span class='ocrx_word' id='word_1_242' title='bbox 599 4320 628 4378; x_wconf 88' lang='lat'><strong>0.</strong></span> 
     </span>
    </p>

    <p class='ocr_par' dir='ltr' id='par_1_10' title="bbox 204 4417 629 4486">
     <span class='ocr_line' id='line_1_34' title="bbox 204 4417 629 4486; baseline 0 0"><span class='ocrx_word' id='word_1_243' title='bbox 204 4417 283 4486; x_wconf 85' lang='lat' dir='ltr'><strong>Non</strong></span> <span class='ocrx_word' id='word_1_244' title='bbox 301 4420 427 4486; x_wconf 88' lang='lat' dir='ltr'><strong>sincere</strong></span> <span class='ocrx_word' id='word_1_245' title='bbox 464 4455 508 4469; x_wconf 90' lang='lat'><strong>·-</strong></span> <span class='ocrx_word' id='word_1_246' title='bbox 602 4427 629 4486; x_wconf 75' lang='grc'><strong>2.</strong></span> 
     </span>
    </p>
   </div>
   <div class='ocr_carea' id='block_1_8' title="bbox 207 4546 655 4614">
    <p class='ocr_par' dir='ltr' id='par_1_11' title="bbox 207 4546 655 4614">
     <span class='ocr_line' id='line_1_35' title="bbox 207 4546 655 4614; baseline 0.011 -18"><span class='ocrx_word' id='word_1_247' title='bbox 207 4546 363 4606; x_wconf 85' lang='lat' dir='ltr'><strong>(Velenczei</strong></span> <span class='ocrx_word' id='word_1_248' title='bbox 376 4548 555 4614; x_wconf 75' lang='lat' dir='ltr'><strong>allemkdnyv</strong></span> <span class='ocrx_word' id='word_1_249' title='bbox 569 4551 655 4613; x_wconf 62' lang='grc'><strong>751.)</strong></span> 
     </span>
    </p>
   </div>
   <div class='ocr_carea' id='block_1_9' title="bbox 580 4694 740 4704">
    <p class='ocr_par' dir='ltr' id='par_1_12' title="bbox 580 4694 740 4704">
     <span class='ocr_line' id='line_1_36' title="bbox 580 4694 740 4704; baseline 0.013 -2"><span class='ocrx_word' id='word_1_250' title='bbox 580 4694 740 4704; x_wconf 75' lang='grc'><strong>----</strong></span> 
     </span>
    </p>
   </div>
   <div class='ocr_carea' id='block_1_10' title="bbox 0 0 1682 5266">
    <p class='ocr_par' dir='ltr' id='par_1_13' title="bbox 0 0 1682 5266">
     <span class='ocr_line' id='line_1_37' title="bbox 0 0 1682 5266; baseline 0 2"><span class='ocrx_word' id='word_1_251' title='bbox 0 0 1682 5266; x_wconf 95' lang='lat' dir='ltr'><strong> </strong></span> 
     </span>
    </p>
   </div>
  </div>
 </body>
</html>
