<?xml version="1.0" encoding="UTF-8"?>
<!DOCTYPE html PUBLIC "-//W3C//DTD XHTML 1.0 Transitional//EN"
    "http://www.w3.org/TR/xhtml1/DTD/xhtml1-transitional.dtd">
<html xmlns="http://www.w3.org/1999/xhtml" xml:lang="en" lang="en">
 <head>
  <title>
</title>
<meta http-equiv="Content-Type" content="text/html;charset=utf-8" />
  <meta name='ocr-system' content='tesseract 3.04.00' />
  <meta name='ocr-capabilities' content='ocr_page ocr_carea ocr_par ocr_line ocrx_word'/>
</head>
<body>
  <div class='ocr_page' id='page_1' title='image "./magyardiplomacz00mattgoog_0443.png"; bbox 0 0 3336 5258; ppageno 0'>
   <div class='ocr_carea' id='block_1_1' title="bbox 369 333 1151 400">
    <p class='ocr_par' dir='ltr' id='par_1_1' title="bbox 369 333 1151 400">
     <span class='ocr_line' id='line_1_1' title="bbox 369 333 1151 400; baseline -0.015 0"><span class='ocrx_word' id='word_1_1' title='bbox 369 339 445 400; x_wconf 75' lang='lat'>‘406</span> <span class='ocrx_word' id='word_1_2' title='bbox 733 346 965 395; x_wconf 81' lang='lat' dir='ltr'>ntruouacmm</span> <span class='ocrx_word' id='word_1_3' title='bbox 983 333 1151 390; x_wconf 76' lang='grc'><strong>6666666.</strong></span> 
     </span>
    </p>
   </div>
   <div class='ocr_carea' id='block_1_2' title="bbox 359 503 1505 3742">
    <p class='ocr_par' dir='ltr' id='par_1_2' title="bbox 359 503 1505 3742">
     <span class='ocr_line' id='line_1_2' title="bbox 368 503 1503 596; baseline -0.011 -18"><span class='ocrx_word' id='word_1_4' title='bbox 368 519 484 594; x_wconf 87' lang='grc'><strong>666666,</strong></span> <span class='ocrx_word' id='word_1_5' title='bbox 502 533 600 596; x_wconf 91' lang='lat' dir='ltr'>quam</span> <span class='ocrx_word' id='word_1_6' title='bbox 626 515 739 592; x_wconf 87' lang='lat' dir='ltr'>sponte</span> <span class='ocrx_word' id='word_1_7' title='bbox 766 509 940 574; x_wconf 89' lang='lat' dir='ltr'>accessisse</span> <span class='ocrx_word' id='word_1_8' title='bbox 966 513 1088 588; x_wconf 89' lang='lat' dir='ltr'>nostra,</span> <span class='ocrx_word' id='word_1_9' title='bbox 1114 511 1147 570; x_wconf 90' lang='lat' dir='ltr'>et</span> <span class='ocrx_word' id='word_1_10' title='bbox 1166 503 1274 588; x_wconf 85' lang='lat' dir='ltr'>siquid</span> <span class='ocrx_word' id='word_1_11' title='bbox 1300 510 1413 570; x_wconf 92' lang='lat' dir='ltr'>nostro</span> <span class='ocrx_word' id='word_1_12' title='bbox 1429 525 1503 570; x_wconf 91' lang='lat' dir='ltr'>oon·</span> 
     </span>
     <span class='ocr_line' id='line_1_3' title="bbox 369 611 1505 698; baseline -0.01 -12"><span class='ocrx_word' id='word_1_13' title='bbox 369 620 442 686; x_wconf 91' lang='lat' dir='ltr'>silio</span> <span class='ocrx_word' id='word_1_14' title='bbox 467 617 590 686; x_wconf 89' lang='lat' dir='ltr'>Vestra</span> <span class='ocrx_word' id='word_1_15' title='bbox 614 618 781 683; x_wconf 82' lang='lat' dir='ltr'>voluntate</span> <span class='ocrx_word' id='word_1_16' title='bbox 807 623 840 681; x_wconf 91' lang='lat' dir='ltr'>et</span> <span class='ocrx_word' id='word_1_17' title='bbox 864 613 1062 682; x_wconf 87' lang='lat' dir='ltr'>auctoritate</span> <span class='ocrx_word' id='word_1_18' title='bbox 1087 619 1215 698; x_wconf 84' lang='lat' dir='ltr'>gestum</span> <span class='ocrx_word' id='word_1_19' title='bbox 1246 611 1408 677; x_wconf 84' lang='lat' dir='ltr'>initalia</span> <span class='ocrx_word' id='word_1_20' title='bbox 1439 611 1505 676; x_wconf 91' lang='lat' dir='ltr'>dici</span> 
     </span>
     <span class='ocr_line' id='line_1_4' title="bbox 369 719 1504 812; baseline -0.008 -18"><span class='ocrx_word' id='word_1_21' title='bbox 369 733 477 812; x_wconf 91' lang='lat' dir='ltr'>potest</span> <span class='ocrx_word' id='word_1_22' title='bbox 492 732 564 811; x_wconf 90' lang='lat' dir='ltr'>post</span> <span class='ocrx_word' id='word_1_23' title='bbox 580 724 658 790; x_wconf 91' lang='lat' dir='ltr'>belli</span> <span class='ocrx_word' id='word_1_24' title='bbox 674 723 823 789; x_wconf 91' lang='lat' dir='ltr'>initium:</span> <span class='ocrx_word' id='word_1_25' title='bbox 840 723 874 788; x_wconf 93' lang='lat' dir='ltr'>id</span> <span class='ocrx_word' id='word_1_26' title='bbox 893 729 999 788; x_wconf 92' lang='lat' dir='ltr'>totum</span> <span class='ocrx_word' id='word_1_27' title='bbox 1025 721 1089 786; x_wconf 92' lang='grc'><strong>1616</strong></span> <span class='ocrx_word' id='word_1_28' title='bbox 1114 720 1286 786; x_wconf 86' lang='lat' dir='ltr'>destinatis</span> <span class='ocrx_word' id='word_1_29' title='bbox 1305 719 1504 786; x_wconf 80' lang='lat' dir='ltr'><strong>Oratoribus</strong></span> 
     </span>
     <span class='ocr_line' id='line_1_5' title="bbox 366 829 1504 920; baseline -0.008 -18"><span class='ocrx_word' id='word_1_30' title='bbox 366 837 409 903; x_wconf 93' lang='lat' dir='ltr'>ad</span> <span class='ocrx_word' id='word_1_31' title='bbox 426 834 633 920; x_wconf 80' lang='lat' dir='ltr'>querendam,</span> <span class='ocrx_word' id='word_1_32' title='bbox 650 833 692 899; x_wconf 90' lang='lat' dir='ltr'>ad</span> <span class='ocrx_word' id='word_1_33' title='bbox 711 833 951 918; x_wconf 83' lang='lat' dir='ltr'>implorandam</span> <span class='ocrx_word' id='word_1_34' title='bbox 969 839 1002 896; x_wconf 97' lang='grc'>66</span> <span class='ocrx_word' id='word_1_35' title='bbox 1029 829 1205 896; x_wconf 83' lang='lat' dir='ltr'>efficaciter</span> <span class='ocrx_word' id='word_1_36' title='bbox 1231 837 1329 913; x_wconf 89' lang='lat' dir='ltr'>atque</span> <span class='ocrx_word' id='word_1_37' title='bbox 1356 850 1504 896; x_wconf 86' lang='lat' dir='ltr'>reveren-</span> 
     </span>
     <span class='ocr_line' id='line_1_6' title="bbox 365 935 1505 1025; baseline -0.007 -17"><span class='ocrx_word' id='word_1_38' title='bbox 365 953 416 1010; x_wconf 85' lang='lat' dir='ltr'>ter</span> <span class='ocrx_word' id='word_1_39' title='bbox 432 951 464 1009; x_wconf 86' lang='lat' dir='ltr'>ct</span> <span class='ocrx_word' id='word_1_40' title='bbox 481 942 641 1008; x_wconf 87' lang='lat' dir='ltr'>submisse</span> <span class='ocrx_word' id='word_1_41' title='bbox 658 939 905 1025; x_wconf 87' lang='lat' dir='ltr'>supplicandam</span> <span class='ocrx_word' id='word_1_42' title='bbox 931 959 1058 1024; x_wconf 86' lang='lat' dir='ltr'>pacem.</span> <span class='ocrx_word' id='word_1_43' title='bbox 1082 937 1191 1022; x_wconf 83' lang='lat' dir='ltr'>Loqui</span> <span class='ocrx_word' id='word_1_44' title='bbox 1217 945 1327 1004; x_wconf 90' lang='lat' dir='ltr'>autem</span> <span class='ocrx_word' id='word_1_45' title='bbox 1353 937 1394 1003; x_wconf 91' lang='lat' dir='ltr'>de</span> <span class='ocrx_word' id='word_1_46' title='bbox 1415 935 1505 1002; x_wconf 92' lang='lat' dir='ltr'>illius</span> 
     </span>
     <span class='ocr_line' id='line_1_7' title="bbox 365 1042 1502 1132; baseline -0.011 -8"><span class='ocrx_word' id='word_1_47' title='bbox 365 1049 614 1130; x_wconf 82' lang='lat' dir='ltr'>conditionibus,</span> <span class='ocrx_word' id='word_1_48' title='bbox 631 1069 693 1132; x_wconf 91' lang='lat' dir='ltr'>que</span> <span class='ocrx_word' id='word_1_49' title='bbox 709 1068 773 1113; x_wconf 90' lang='lat' dir='ltr'>non</span> <span class='ocrx_word' id='word_1_50' title='bbox 790 1047 832 1113; x_wconf 90' lang='lat' dir='ltr'>ad</span> <span class='ocrx_word' id='word_1_51' title='bbox 849 1067 907 1113; x_wconf 90' lang='lat' dir='ltr'>nos</span> <span class='ocrx_word' id='word_1_52' title='bbox 923 1047 1118 1131; x_wconf 88' lang='lat' dir='ltr'>pertineant,</span> <span class='ocrx_word' id='word_1_53' title='bbox 1135 1067 1238 1130; x_wconf 88' lang='lat' dir='ltr'>neque</span> <span class='ocrx_word' id='word_1_54' title='bbox 1255 1046 1332 1111; x_wconf 90' lang='lat' dir='ltr'>dum</span> <span class='ocrx_word' id='word_1_55' title='bbox 1349 1046 1384 1111; x_wconf 90' lang='lat' dir='ltr'>in</span> <span class='ocrx_word' id='word_1_56' title='bbox 1400 1042 1502 1112; x_wconf 82' lang='lat' dir='ltr'>Curia</span> 
     </span>
     <span class='ocr_line' id='line_1_8' title="bbox 367 1155 1504 1242; baseline -0.008 -14"><span class='ocrx_word' id='word_1_57' title='bbox 367 1165 576 1240; x_wconf 80' lang='lat' dir='ltr'>tractaretur,</span> <span class='ocrx_word' id='word_1_58' title='bbox 603 1157 771 1236; x_wconf 71' lang='lat' dir='ltr'>voluimus</span> <span class='ocrx_word' id='word_1_59' title='bbox 787 1177 891 1242; x_wconf 89' lang='lat' dir='ltr'>neque</span> <span class='ocrx_word' id='word_1_60' title='bbox 917 1157 1051 1222; x_wconf 87' lang='lat' dir='ltr'>honeste</span> <span class='ocrx_word' id='word_1_61' title='bbox 1076 1155 1235 1242; x_wconf 90' lang='lat' dir='ltr'>possimus</span> <span class='ocrx_word' id='word_1_62' title='bbox 1261 1162 1319 1222; x_wconf 92' lang='grc'>666</span> <span class='ocrx_word' id='word_1_63' title='bbox 1337 1155 1504 1221; x_wconf 77' lang='lat' dir='ltr'>debemus,</span> 
     </span>
     <span class='ocr_line' id='line_1_9' title="bbox 476 1265 1505 1350; baseline -0.007 -16"><span class='ocrx_word' id='word_1_64' title='bbox 476 1267 600 1334; x_wconf 87' lang='lat' dir='ltr'>Verum</span> <span class='ocrx_word' id='word_1_65' title='bbox 625 1265 668 1347; x_wconf 86' lang='lat' dir='ltr'>id,</span> <span class='ocrx_word' id='word_1_66' title='bbox 693 1265 780 1349; x_wconf 93' lang='lat' dir='ltr'>quod</span> <span class='ocrx_word' id='word_1_67' title='bbox 806 1266 1143 1332; x_wconf 88' lang='lat' dir='ltr'>accomodatissimum</span> <span class='ocrx_word' id='word_1_68' title='bbox 1170 1285 1296 1350; x_wconf 90' lang='lat' dir='ltr'>semper</span> <span class='ocrx_word' id='word_1_69' title='bbox 1320 1265 1396 1350; x_wconf 89' lang='lat' dir='ltr'>paci</span> <span class='ocrx_word' id='word_1_70' title='bbox 1419 1269 1505 1328; x_wconf 88' lang='lat' dir='ltr'>trac·</span> 
     </span>
     <span class='ocr_line' id='line_1_10' title="bbox 366 1373 1500 1462; baseline -0.006 -16"><span class='ocrx_word' id='word_1_71' title='bbox 366 1379 467 1447; x_wconf 90' lang='lat' dir='ltr'>tande</span> <span class='ocrx_word' id='word_1_72' title='bbox 492 1376 714 1461; x_wconf 86' lang='lat' dir='ltr'>reputavimus</span> <span class='ocrx_word' id='word_1_73' title='bbox 739 1383 772 1440; x_wconf 91' lang='lat' dir='ltr'>et</span> <span class='ocrx_word' id='word_1_74' title='bbox 797 1377 905 1460; x_wconf 88' lang='lat' dir='ltr'>sepius</span> <span class='ocrx_word' id='word_1_75' title='bbox 930 1376 1158 1462; x_wconf 84' lang='lat' dir='ltr'>proposuimus</span> <span class='ocrx_word' id='word_1_76' title='bbox 1184 1382 1217 1442; x_wconf 87' lang='lat' dir='ltr'>et</span> <span class='ocrx_word' id='word_1_77' title='bbox 1231 1373 1500 1441; x_wconf 87' lang='lat' dir='ltr'>memoravimus:</span> 
     </span>
     <span class='ocr_line' id='line_1_11' title="bbox 364 1481 1503 1572; baseline -0.005 -18"><span class='ocrx_word' id='word_1_78' title='bbox 364 1495 397 1553; x_wconf 87' lang='lat' dir='ltr'>et</span> <span class='ocrx_word' id='word_1_79' title='bbox 412 1493 578 1572; x_wconf 87' lang='lat' dir='ltr'>postremo</span> <span class='ocrx_word' id='word_1_80' title='bbox 594 1481 810 1550; x_wconf 84' lang='lat' dir='ltr'>Serenissimo</span> <span class='ocrx_word' id='word_1_81' title='bbox 837 1483 927 1550; x_wconf 92' lang='lat' dir='ltr'>D·no</span> <span class='ocrx_word' id='word_1_82' title='bbox 944 1483 1030 1568; x_wconf 83' lang='lat' dir='ltr'>Regi</span> <span class='ocrx_word' id='word_1_83' title='bbox 1048 1483 1257 1551; x_wconf 83' lang='lat' dir='ltr'>Fcrdinando</span> <span class='ocrx_word' id='word_1_84' title='bbox 1283 1504 1340 1548; x_wconf 90' lang='lat' dir='ltr'>uos</span> <span class='ocrx_word' id='word_1_85' title='bbox 1357 1484 1503 1564; x_wconf 86' lang='lat' dir='ltr'>interpe-</span> 
     </span>
     <span class='ocr_line' id='line_1_12' title="bbox 364 1591 1501 1679; baseline -0.005 -17"><span class='ocrx_word' id='word_1_86' title='bbox 364 1595 447 1662; x_wconf 91' lang='lat' dir='ltr'>lanti</span> <span class='ocrx_word' id='word_1_87' title='bbox 462 1593 596 1660; x_wconf 83' lang='lat' dir='ltr'>fecimus</span> <span class='ocrx_word' id='word_1_88' title='bbox 612 1593 812 1678; x_wconf 88' lang='lat' dir='ltr'>responderi,</span> <span class='ocrx_word' id='word_1_89' title='bbox 823 1593 966 1660; x_wconf 89' lang='lat' dir='ltr'>dicemus</span> <span class='ocrx_word' id='word_1_90' title='bbox 976 1595 1075 1660; x_wconf 89' lang='lat' dir='ltr'>etiam</span> <span class='ocrx_word' id='word_1_91' title='bbox 1092 1593 1386 1679; x_wconf 84' lang='lat' dir='ltr'>impresentiarum,</span> <span class='ocrx_word' id='word_1_92' title='bbox 1397 1591 1501 1656; x_wconf 90' lang='lat' dir='ltr'>videri</span> 
     </span>
     <span class='ocr_line' id='line_1_13' title="bbox 365 1701 1501 1786; baseline -0.003 -18"><span class='ocrx_word' id='word_1_93' title='bbox 365 1727 390 1768; x_wconf 95' lang='grc'>6.</span> <span class='ocrx_word' id='word_1_94' title='bbox 416 1704 518 1781; x_wconf 90' lang='lat' dir='ltr'>nobis,</span> <span class='ocrx_word' id='word_1_95' title='bbox 545 1707 583 1767; x_wconf 92' lang='lat' dir='ltr'>ut</span> <span class='ocrx_word' id='word_1_96' title='bbox 608 1710 843 1768; x_wconf 72' lang='lat' dir='ltr'>cassamentum</span> <span class='ocrx_word' id='word_1_97' title='bbox 869 1701 1075 1786; x_wconf 85' lang='lat' dir='ltr'>offensarum,</span> <span class='ocrx_word' id='word_1_98' title='bbox 1101 1702 1244 1786; x_wconf 90' lang='lat' dir='ltr'>bellique</span> <span class='ocrx_word' id='word_1_99' title='bbox 1275 1708 1308 1767; x_wconf 93' lang='grc'>66</span> <span class='ocrx_word' id='word_1_100' title='bbox 1333 1723 1501 1766; x_wconf 87' lang='lat' dir='ltr'>armorum</span> 
     </span>
     <span class='ocr_line' id='line_1_14' title="bbox 366 1807 1500 1895; baseline -0.004 -19"><span class='ocrx_word' id='word_1_101' title='bbox 366 1811 539 1895; x_wconf 89' lang='lat' dir='ltr'>suspensio</span> <span class='ocrx_word' id='word_1_102' title='bbox 556 1807 689 1876; x_wconf 88' lang='lat' dir='ltr'>Summo</span> <span class='ocrx_word' id='word_1_103' title='bbox 715 1809 878 1892; x_wconf 89' lang='lat' dir='ltr'>Pontifici,</span> <span class='ocrx_word' id='word_1_104' title='bbox 910 1813 1037 1876; x_wconf 90' lang='lat' dir='ltr'>comuni</span> <span class='ocrx_word' id='word_1_105' title='bbox 1068 1812 1212 1877; x_wconf 89' lang='lat' dir='ltr'>omnium</span> <span class='ocrx_word' id='word_1_106' title='bbox 1243 1817 1276 1876; x_wconf 91' lang='grc'>66</span> <span class='ocrx_word' id='word_1_107' title='bbox 1300 1808 1500 1876; x_wconf 81' lang='lat' dir='ltr'>indifferenti</span> 
     </span>
     <span class='ocr_line' id='line_1_15' title="bbox 363 1918 1504 2004; baseline -0.002 -19"><span class='ocrx_word' id='word_1_108' title='bbox 363 1921 453 2004; x_wconf 87' lang='lat' dir='ltr'>patri</span> <span class='ocrx_word' id='word_1_109' title='bbox 470 1940 531 2003; x_wconf 93' lang='lat' dir='ltr'>pro</span> <span class='ocrx_word' id='word_1_110' title='bbox 548 1919 655 1985; x_wconf 88' lang='grc'><strong>6111616</strong></span> <span class='ocrx_word' id='word_1_111' title='bbox 672 1941 822 2003; x_wconf 89' lang='lat' dir='ltr'>supreme</span> <span class='ocrx_word' id='word_1_112' title='bbox 839 1941 895 1985; x_wconf 89' lang='lat' dir='ltr'>sue</span> <span class='ocrx_word' id='word_1_113' title='bbox 910 1920 1082 2003; x_wconf 85' lang='lat' dir='ltr'>dignitatis</span> <span class='ocrx_word' id='word_1_114' title='bbox 1108 1928 1139 1986; x_wconf 88' lang='lat' dir='ltr'>et</span> <span class='ocrx_word' id='word_1_115' title='bbox 1156 1918 1360 2004; x_wconf 84' lang='lat' dir='ltr'>providentie</span> <span class='ocrx_word' id='word_1_116' title='bbox 1387 1939 1504 1984; x_wconf 87' lang='lat' dir='ltr'>conre-</span> 
     </span>
     <span class='ocr_line' id='line_1_16' title="bbox 364 2026 1501 2112; baseline -0.001 -20"><span class='ocrx_word' id='word_1_117' title='bbox 364 2028 599 2093; x_wconf 91' lang='lat' dir='ltr'>uientissimum</span> <span class='ocrx_word' id='word_1_118' title='bbox 625 2029 667 2091; x_wconf 90' lang='lat' dir='ltr'>sit</span> <span class='ocrx_word' id='word_1_119' title='bbox 692 2035 723 2093; x_wconf 87' lang='grc'>66</span> <span class='ocrx_word' id='word_1_120' title='bbox 750 2028 792 2092; x_wconf 91' lang='lat' dir='ltr'>ad</span> <span class='ocrx_word' id='word_1_121' title='bbox 817 2049 931 2112; x_wconf 87' lang='lat' dir='ltr'>pacem</span> <span class='ocrx_word' id='word_1_122' title='bbox 955 2029 1163 2095; x_wconf 87' lang='lat' dir='ltr'>tractandam</span> <span class='ocrx_word' id='word_1_123' title='bbox 1189 2035 1223 2094; x_wconf 91' lang='lat' dir='ltr'>et</span> <span class='ocrx_word' id='word_1_124' title='bbox 1246 2026 1501 2093; x_wconf 83' lang='lat' dir='ltr'>concludendam</span> 
     </span>
     <span class='ocr_line' id='line_1_17' title="bbox 362 2136 1343 2221; baseline -0.003 -18"><span class='ocrx_word' id='word_1_125' title='bbox 362 2136 654 2203; x_wconf 75' lang='lat' dir='ltr'>conformissimum</span> <span class='ocrx_word' id='word_1_126' title='bbox 670 2143 702 2202; x_wconf 90' lang='lat' dir='ltr'>et</span> <span class='ocrx_word' id='word_1_127' title='bbox 719 2144 809 2202; x_wconf 88' lang='lat' dir='ltr'>certa</span> <span class='ocrx_word' id='word_1_128' title='bbox 825 2137 1062 2221; x_wconf 90' lang='lat' dir='ltr'>quodammodo</span> <span class='ocrx_word' id='word_1_129' title='bbox 1081 2160 1140 2204; x_wconf 88' lang='lat' dir='ltr'>ara</span> <span class='ocrx_word' id='word_1_130' title='bbox 1156 2143 1190 2202; x_wconf 90' lang='lat' dir='ltr'>et</span> <span class='ocrx_word' id='word_1_131' title='bbox 1206 2137 1343 2202; x_wconf 89' lang='lat' dir='ltr'>initium.</span> 
     </span>
     <span class='ocr_line' id='line_1_18' title="bbox 475 2241 1501 2328; baseline 0 -20"><span class='ocrx_word' id='word_1_132' title='bbox 475 2243 705 2310; x_wconf 89' lang='lat' dir='ltr'>Proficiscetur</span> <span class='ocrx_word' id='word_1_133' title='bbox 729 2246 830 2328; x_wconf 87' lang='lat' dir='ltr'>igitur</span> <span class='ocrx_word' id='word_1_134' title='bbox 845 2245 962 2311; x_wconf 76' lang='grc'><strong>11-666</strong></span> <span class='ocrx_word' id='word_1_135' title='bbox 978 2247 1085 2312; x_wconf 85' lang='grc'><strong>1)-666</strong></span> <span class='ocrx_word' id='word_1_136' title='bbox 1104 2244 1290 2312; x_wconf 85' lang='lat' dir='ltr'>Oardinalis</span> <span class='ocrx_word' id='word_1_137' title='bbox 1315 2245 1348 2308; x_wconf 93' lang='grc'>16</span> <span class='ocrx_word' id='word_1_138' title='bbox 1365 2241 1501 2310; x_wconf 79' lang='lat' dir='ltr'>Curium</span> 
     </span>
     <span class='ocr_line' id='line_1_19' title="bbox 363 2352 1501 2436; baseline -0.002 -16"><span class='ocrx_word' id='word_1_139' title='bbox 363 2361 398 2420; x_wconf 89' lang='lat' dir='ltr'>et</span> <span class='ocrx_word' id='word_1_140' title='bbox 415 2354 491 2434; x_wconf 89' lang='lat' dir='ltr'>illic,</span> <span class='ocrx_word' id='word_1_141' title='bbox 508 2353 591 2420; x_wconf 89' lang='lat' dir='ltr'>sicut</span> <span class='ocrx_word' id='word_1_142' title='bbox 608 2353 713 2436; x_wconf 89' lang='lat' dir='ltr'>pridie</span> <span class='ocrx_word' id='word_1_143' title='bbox 730 2352 878 2434; x_wconf 85' lang='lat' dir='ltr'>diximus,</span> <span class='ocrx_word' id='word_1_144' title='bbox 895 2361 928 2418; x_wconf 90' lang='lat' dir='ltr'>et</span> <span class='ocrx_word' id='word_1_145' title='bbox 944 2353 1067 2419; x_wconf 88' lang='lat' dir='ltr'>hortati</span> <span class='ocrx_word' id='word_1_146' title='bbox 1084 2374 1237 2435; x_wconf 90' lang='lat' dir='ltr'>summus,</span> <span class='ocrx_word' id='word_1_147' title='bbox 1263 2374 1358 2418; x_wconf 90' lang='grc'><strong>6666</strong></span> <span class='ocrx_word' id='word_1_148' title='bbox 1373 2374 1501 2418; x_wconf 87' lang='lat' dir='ltr'>exerce·</span> 
     </span>
     <span class='ocr_line' id='line_1_20' title="bbox 363 2459 1499 2546; baseline 0 -18"><span class='ocrx_word' id='word_1_149' title='bbox 363 2461 413 2528; x_wconf 88' lang='lat' dir='ltr'>bit</span> <span class='ocrx_word' id='word_1_150' title='bbox 429 2461 591 2546; x_wconf 85' lang='lat' dir='ltr'>ingenium</span> <span class='ocrx_word' id='word_1_151' title='bbox 608 2469 640 2525; x_wconf 90' lang='lat' dir='ltr'>et</span> <span class='ocrx_word' id='word_1_152' title='bbox 657 2461 902 2546; x_wconf 87' lang='lat' dir='ltr'>studium,quod</span> <span class='ocrx_word' id='word_1_153' title='bbox 919 2463 953 2526; x_wconf 93' lang='lat' dir='ltr'>in</span> <span class='ocrx_word' id='word_1_154' title='bbox 968 2461 1157 2529; x_wconf 88' lang='lat' dir='ltr'>beneficium</span> <span class='ocrx_word' id='word_1_155' title='bbox 1174 2484 1284 2528; x_wconf 88' lang='lat' dir='ltr'>rerum</span> <span class='ocrx_word' id='word_1_156' title='bbox 1303 2459 1499 2528; x_wconf 89' lang='lat' dir='ltr'>christiana-</span> 
     </span>
     <span class='ocr_line' id='line_1_21' title="bbox 362 2569 1498 2656; baseline 0 -20"><span class='ocrx_word' id='word_1_157' title='bbox 362 2593 434 2636; x_wconf 92' lang='lat' dir='ltr'>rum</span> <span class='ocrx_word' id='word_1_158' title='bbox 459 2591 584 2653; x_wconf 88' lang='lat' dir='ltr'>semper</span> <span class='ocrx_word' id='word_1_159' title='bbox 609 2571 712 2653; x_wconf 83' lang='lat' dir='ltr'>gessit</span> <span class='ocrx_word' id='word_1_160' title='bbox 736 2570 944 2653; x_wconf 81' lang='lat' dir='ltr'>indefessum,</span> <span class='ocrx_word' id='word_1_161' title='bbox 969 2579 1002 2636; x_wconf 92' lang='lat' dir='ltr'>et</span> <span class='ocrx_word' id='word_1_162' title='bbox 1019 2572 1047 2636; x_wconf 91' lang='lat' dir='ltr'>si</span> <span class='ocrx_word' id='word_1_163' title='bbox 1063 2569 1248 2654; x_wconf 88' lang='lat' dir='ltr'>hujusmodi</span> <span class='ocrx_word' id='word_1_164' title='bbox 1273 2572 1498 2656; x_wconf 87' lang='lat' dir='ltr'>impetraverit</span> 
     </span>
     <span class='ocr_line' id='line_1_22' title="bbox 363 2678 1498 2765; baseline 0 -21"><span class='ocrx_word' id='word_1_165' title='bbox 363 2679 623 2763; x_wconf 88' lang='lat' dir='ltr'>suspensionem:</span> <span class='ocrx_word' id='word_1_166' title='bbox 640 2678 813 2762; x_wconf 88' lang='lat' dir='ltr'>plusquam</span> <span class='ocrx_word' id='word_1_167' title='bbox 831 2679 999 2745; x_wconf 91' lang='lat' dir='ltr'>dimidium</span> <span class='ocrx_word' id='word_1_168' title='bbox 1033 2681 1135 2745; x_wconf 89' lang='lat' dir='ltr'>totius</span> <span class='ocrx_word' id='word_1_169' title='bbox 1166 2681 1286 2765; x_wconf 84' lang='lat' dir='ltr'>negotij</span> <span class='ocrx_word' id='word_1_170' title='bbox 1320 2681 1498 2746; x_wconf 86' lang='lat' dir='ltr'>confecisse</span> 
     </span>
     <span class='ocr_line' id='line_1_23' title="bbox 361 2786 1497 2873; baseline -0.002 -19"><span class='ocrx_word' id='word_1_171' title='bbox 361 2787 482 2872; x_wconf 87' lang='lat' dir='ltr'>poterit</span> <span class='ocrx_word' id='word_1_172' title='bbox 499 2786 693 2870; x_wconf 85' lang='lat' dir='ltr'>existimarj,</span> <span class='ocrx_word' id='word_1_173' title='bbox 710 2793 797 2852; x_wconf 86' lang='lat' dir='ltr'>etex</span> <span class='ocrx_word' id='word_1_174' title='bbox 814 2788 918 2852; x_wconf 89' lang='lat' dir='ltr'>latere</span> <span class='ocrx_word' id='word_1_175' title='bbox 935 2795 1047 2853; x_wconf 91' lang='lat' dir='ltr'>nostro</span> <span class='ocrx_word' id='word_1_176' title='bbox 1066 2796 1316 2873; x_wconf 90' lang='lat' dir='ltr'>nostrorumque</span> <span class='ocrx_word' id='word_1_177' title='bbox 1333 2789 1497 2855; x_wconf 88' lang='lat' dir='ltr'>sociorum</span> 
     </span>
     <span class='ocr_line' id='line_1_24' title="bbox 362 2895 1496 2984; baseline 0.004 -23"><span class='ocrx_word' id='word_1_178' title='bbox 362 2897 530 2962; x_wconf 87' lang='lat' dir='ltr'>mirificam</span> <span class='ocrx_word' id='word_1_179' title='bbox 542 2895 700 2962; x_wconf 86' lang='lat' dir='ltr'>videbunt</span> <span class='ocrx_word' id='word_1_180' title='bbox 716 2919 826 2963; x_wconf 87' lang='grc'><strong>66666</strong></span> <span class='ocrx_word' id='word_1_181' title='bbox 842 2899 1046 2980; x_wconf 83' lang='lat' dir='ltr'>facilitatem,</span> <span class='ocrx_word' id='word_1_182' title='bbox 1057 2905 1090 2965; x_wconf 90' lang='lat' dir='ltr'>et</span> <span class='ocrx_word' id='word_1_183' title='bbox 1106 2900 1248 2966; x_wconf 90' lang='lat' dir='ltr'>studium</span> <span class='ocrx_word' id='word_1_184' title='bbox 1268 2901 1376 2984; x_wconf 82' lang='lat' dir='ltr'>pacis3</span> <span class='ocrx_word' id='word_1_185' title='bbox 1392 2921 1496 2983; x_wconf 88' lang='lat' dir='ltr'>nequo</span> 
     </span>
     <span class='ocr_line' id='line_1_25' title="bbox 361 3003 1497 3090; baseline 0.006 -23"><span class='ocrx_word' id='word_1_186' title='bbox 361 3003 473 3086; x_wconf 85' lang='lat' dir='ltr'>deerit,</span> <span class='ocrx_word' id='word_1_187' title='bbox 491 3005 569 3086; x_wconf 91' lang='lat' dir='ltr'>quin</span> <span class='ocrx_word' id='word_1_188' title='bbox 586 3003 677 3070; x_wconf 92' lang='lat' dir='ltr'>illam</span> <span class='ocrx_word' id='word_1_189' title='bbox 696 3005 929 3090; x_wconf 89' lang='lat' dir='ltr'>amplectemur</span> <span class='ocrx_word' id='word_1_190' title='bbox 955 3007 1070 3075; x_wconf 87' lang='lat' dir='ltr'>devote</span> <span class='ocrx_word' id='word_1_191' title='bbox 1095 3017 1129 3075; x_wconf 92' lang='grc'>66</span> <span class='ocrx_word' id='word_1_192' title='bbox 1154 3016 1342 3074; x_wconf 86' lang='lat' dir='ltr'>reverenter</span> <span class='ocrx_word' id='word_1_193' title='bbox 1368 3015 1401 3074; x_wconf 90' lang='grc'>66</span> <span class='ocrx_word' id='word_1_194' title='bbox 1423 3008 1497 3074; x_wconf 92' lang='lat' dir='ltr'>sub·</span> 
     </span>
     <span class='ocr_line' id='line_1_26' title="bbox 361 3111 1498 3201; baseline 0.004 -23"><span class='ocrx_word' id='word_1_195' title='bbox 361 3113 469 3195; x_wconf 89' lang='lat' dir='ltr'>misse,</span> <span class='ocrx_word' id='word_1_196' title='bbox 487 3119 647 3196; x_wconf 89' lang='lat' dir='ltr'>quantum</span> <span class='ocrx_word' id='word_1_197' title='bbox 663 3111 787 3180; x_wconf 87' lang='lat' dir='ltr'>deceat.</span> <span class='ocrx_word' id='word_1_198' title='bbox 803 3113 850 3180; x_wconf 81' lang='lat' dir='ltr'>ut</span> <span class='ocrx_word' id='word_1_199' title='bbox 865 3114 908 3181; x_wconf 92' lang='lat' dir='ltr'>ab</span> <span class='ocrx_word' id='word_1_200' title='bbox 924 3115 1024 3181; x_wconf 83' lang='lat' dir='ltr'>Rma</span> <span class='ocrx_word' id='word_1_201' title='bbox 1038 3117 1080 3184; x_wconf 91' lang='lat' dir='ltr'>D.</span> <span class='ocrx_word' id='word_1_202' title='bbox 1097 3115 1166 3183; x_wconf 86' lang='lat' dir='ltr'>Sua</span> <span class='ocrx_word' id='word_1_203' title='bbox 1181 3118 1423 3201; x_wconf 89' lang='lat' dir='ltr'>responsionem</span> <span class='ocrx_word' id='word_1_204' title='bbox 1439 3126 1498 3184; x_wconf 88' lang='lat' dir='ltr'>aut</span> 
     </span>
     <span class='ocr_line' id='line_1_27' title="bbox 360 3219 1496 3310; baseline 0.005 -26"><span class='ocrx_word' id='word_1_205' title='bbox 360 3219 486 3303; x_wconf 87' lang='lat' dir='ltr'>aliquid</span> <span class='ocrx_word' id='word_1_206' title='bbox 503 3223 694 3287; x_wconf 88' lang='lat' dir='ltr'>conveniens</span> <span class='ocrx_word' id='word_1_207' title='bbox 712 3227 745 3285; x_wconf 89' lang='lat' dir='ltr'>et</span> <span class='ocrx_word' id='word_1_208' title='bbox 760 3221 941 3290; x_wconf 82' lang='lat' dir='ltr'>officiosum</span> <span class='ocrx_word' id='word_1_209' title='bbox 959 3225 1202 3310; x_wconf 86' lang='lat' dir='ltr'>expectabimus</span> <span class='ocrx_word' id='word_1_210' title='bbox 1228 3225 1496 3292; x_wconf 88' lang='lat' dir='ltr'>advisamentum.</span> 
     </span>
     <span class='ocr_line' id='line_1_28' title="bbox 359 3327 1496 3414; baseline 0.006 -20"><span class='ocrx_word' id='word_1_211' title='bbox 359 3327 467 3394; x_wconf 88' lang='lat' dir='ltr'>R·dus</span> <span class='ocrx_word' id='word_1_212' title='bbox 493 3335 603 3394; x_wconf 84' lang='grc'><strong>666666</strong></span> <span class='ocrx_word' id='word_1_213' title='bbox 621 3327 727 3394; x_wconf 81' lang='grc'><strong>1)-666</strong></span> <span class='ocrx_word' id='word_1_214' title='bbox 754 3329 946 3414; x_wconf 81' lang='lat' dir='ltr'>Propositus</span> <span class='ocrx_word' id='word_1_215' title='bbox 971 3342 1003 3399; x_wconf 88' lang='lat' dir='ltr'>et</span> <span class='ocrx_word' id='word_1_216' title='bbox 1020 3333 1297 3400; x_wconf 88' lang='lat' dir='ltr'>Prothouotarius</span> <span class='ocrx_word' id='word_1_217' title='bbox 1323 3342 1356 3400; x_wconf 89' lang='lat' dir='ltr'>et</span> <span class='ocrx_word' id='word_1_218' title='bbox 1372 3335 1496 3402; x_wconf 86' lang='lat' dir='ltr'>Orator</span> 
     </span>
     <span class='ocr_line' id='line_1_29' title="bbox 360 3435 1496 3520; baseline 0.007 -19"><span class='ocrx_word' id='word_1_219' title='bbox 360 3435 495 3519; x_wconf 83' lang='lat' dir='ltr'>Regius,</span> <span class='ocrx_word' id='word_1_220' title='bbox 513 3437 617 3520; x_wconf 83' lang='lat' dir='ltr'>Regio</span> <span class='ocrx_word' id='word_1_221' title='bbox 635 3437 836 3505; x_wconf 85' lang='lat' dir='ltr'>Sublimitati</span> <span class='ocrx_word' id='word_1_222' title='bbox 862 3463 959 3506; x_wconf 92' lang='lat' dir='ltr'>nosro</span> <span class='ocrx_word' id='word_1_223' title='bbox 986 3441 1114 3508; x_wconf 88' lang='lat' dir='ltr'>nomine</span> <span class='ocrx_word' id='word_1_224' title='bbox 1139 3442 1322 3510; x_wconf 88' lang='lat' dir='ltr'>declarabit</span> <span class='ocrx_word' id='word_1_225' title='bbox 1347 3451 1380 3509; x_wconf 91' lang='lat' dir='ltr'>ct</span> <span class='ocrx_word' id='word_1_226' title='bbox 1407 3443 1496 3509; x_wconf 88' lang='grc'><strong>61116-</strong></span> 
     </span>
     <span class='ocr_line' id='line_1_30' title="bbox 361 3543 1495 3636; baseline 0.005 -26"><span class='ocrx_word' id='word_1_227' title='bbox 361 3545 465 3610; x_wconf 83' lang='grc'><strong>66616</strong></span> <span class='ocrx_word' id='word_1_228' title='bbox 490 3545 581 3612; x_wconf 88' lang='grc'><strong>61666</strong></span> <span class='ocrx_word' id='word_1_229' title='bbox 607 3543 792 3629; x_wconf 90' lang='lat' dir='ltr'>hujusmodi</span> <span class='ocrx_word' id='word_1_230' title='bbox 817 3557 965 3616; x_wconf 89' lang='lat' dir='ltr'>nostram</span> <span class='ocrx_word' id='word_1_231' title='bbox 991 3549 1034 3615; x_wconf 91' lang='lat' dir='ltr'>ad</span> <span class='ocrx_word' id='word_1_232' title='bbox 1051 3572 1166 3636; x_wconf 89' lang='lat' dir='ltr'>pacem</span> <span class='ocrx_word' id='word_1_233' title='bbox 1182 3557 1214 3617; x_wconf 90' lang='grc'>66</span> <span class='ocrx_word' id='word_1_234' title='bbox 1232 3552 1495 3636; x_wconf 85' lang='lat' dir='ltr'>tranquilitatem</span> 
     </span>
     <span class='ocr_line' id='line_1_31' title="bbox 360 3654 1493 3742; baseline 0.007 -24"><span class='ocrx_word' id='word_1_235' title='bbox 360 3655 459 3724; x_wconf 88' lang='lat' dir='ltr'>Italic</span> <span class='ocrx_word' id='word_1_236' title='bbox 491 3654 735 3721; x_wconf 89' lang='lat' dir='ltr'>inclinationem</span> <span class='ocrx_word' id='word_1_237' title='bbox 768 3664 801 3722; x_wconf 88' lang='lat' dir='ltr'>et</span> <span class='ocrx_word' id='word_1_238' title='bbox 832 3657 1039 3742; x_wconf 90' lang='lat' dir='ltr'>desyderium</span> <span class='ocrx_word' id='word_1_239' title='bbox 1071 3681 1135 3726; x_wconf 92' lang='lat' dir='ltr'>nou</span> <span class='ocrx_word' id='word_1_240' title='bbox 1167 3661 1280 3726; x_wconf 89' lang='lat' dir='ltr'>cedere</span> <span class='ocrx_word' id='word_1_241' title='bbox 1311 3681 1371 3726; x_wconf 91' lang='grc'>666</span> <span class='ocrx_word' id='word_1_242' title='bbox 1397 3661 1493 3726; x_wconf 85' lang='grc'><strong>611661</strong></span> 
     </span>
    </p>
   </div>
   <div class='ocr_carea' id='block_1_3' title="bbox 358 3763 1494 3956">
    <p class='ocr_par' dir='ltr' id='par_1_3' title="bbox 358 3763 1494 3956">
     <span class='ocr_line' id='line_1_32' title="bbox 359 3763 1494 3852; baseline 0.01 -26"><span class='ocrx_word' id='word_1_243' title='bbox 359 3763 501 3846; x_wconf 91' lang='lat' dir='ltr'>principi</span> <span class='ocrx_word' id='word_1_244' title='bbox 518 3769 576 3828; x_wconf 90' lang='lat' dir='ltr'>aut</span> <span class='ocrx_word' id='word_1_245' title='bbox 592 3765 778 3850; x_wconf 89' lang='lat' dir='ltr'>potentatuj</span> <span class='ocrx_word' id='word_1_246' title='bbox 805 3765 839 3829; x_wconf 89' lang='lat' dir='ltr'>in</span> <span class='ocrx_word' id='word_1_247' title='bbox 854 3767 1083 3850; x_wconf 90' lang='lat' dir='ltr'>benivolentia,</span> <span class='ocrx_word' id='word_1_248' title='bbox 1099 3791 1220 3852; x_wconf 88' lang='lat' dir='ltr'>amore,</span> <span class='ocrx_word' id='word_1_249' title='bbox 1236 3775 1269 3835; x_wconf 89' lang='lat' dir='ltr'>et</span> <span class='ocrx_word' id='word_1_250' title='bbox 1285 3770 1494 3838; x_wconf 89' lang='lat' dir='ltr'>observantia</span> 
     </span>
     <span class='ocr_line' id='line_1_33' title="bbox 358 3870 737 3956; baseline 0.008 -22"><span class='ocrx_word' id='word_1_251' title='bbox 358 3871 392 3935; x_wconf 92' lang='lat' dir='ltr'>in</span> <span class='ocrx_word' id='word_1_252' title='bbox 408 3871 498 3937; x_wconf 91' lang='lat' dir='ltr'>illius</span> <span class='ocrx_word' id='word_1_253' title='bbox 517 3870 737 3956; x_wconf 89' lang='lat' dir='ltr'>Majestatem.</span> 
     </span>
    </p>
   </div>
   <div class='ocr_carea' id='block_1_4' title="bbox 467 3978 945 4064">
    <p class='ocr_par' dir='ltr' id='par_1_4' title="bbox 467 3978 945 4064">
     <span class='ocr_line' id='line_1_34' title="bbox 467 3978 945 4064; baseline 0.01 -20"><span class='ocrx_word' id='word_1_254' title='bbox 467 3978 945 4064; x_wconf 36' lang='grc'><strong>666-64.</strong></span> 
     </span>
    </p>
   </div>
   <div class='ocr_carea' id='block_1_5' title="bbox 467 4159 844 4229">
    <p class='ocr_par' dir='ltr' id='par_1_5' title="bbox 467 4159 844 4229">
     <span class='ocr_line' id='line_1_35' title="bbox 467 4159 844 4229; baseline 0.011 -20"><span class='ocrx_word' id='word_1_255' title='bbox 467 4159 625 4221; x_wconf 80' lang='lat' dir='ltr'>(Velenczei</span> <span class='ocrx_word' id='word_1_256' title='bbox 646 4163 844 4229; x_wconf 75' lang='lat' dir='ltr'>allamkdnyv.)</span> 
     </span>
    </p>
   </div>
   <div class='ocr_carea' id='block_1_6' title="bbox 0 0 1672 5258">
    <p class='ocr_par' dir='ltr' id='par_1_6' title="bbox 0 0 1672 5258">
     <span class='ocr_line' id='line_1_36' title="bbox 0 0 1672 5258; baseline 0 3"><span class='ocrx_word' id='word_1_257' title='bbox 0 0 1672 5258; x_wconf 95' lang='lat' dir='ltr'> </span> 
     </span>
    </p>
   </div>
  </div>
 </body>
</html>
