3356 5266
692 700 743 762 73.

149 863 246 928 1469.
264 864 295 926 A
306 861 458 927 uelerwzci
472 861 693 928 dllamtacctee
704 860 1014 948 Motydskiruiyhcz
1025 859 1128 946 Aymc
1139 857 1286 945 (Emmo)

409 972 526 1039 laceat
541 971 670 1036 kouctitl
684 971 848 1054 udlamtjc
864 972 897 1034 ἐκ
912 969 1017 1036 kretai.

148 1129 487 1202 MOOOOLXVIIII
504 1129 556 1198 die
573 1131 611 1196 H
625 1131 730 1217 Junij.

149 1239 324 1325 Sapientes
341 1238 479 1326 Ocnsilij
630 1239 850 1324 Dessignatus
875 1245 926 1305 est
949 1236 1075 1304 Orator
1099 1241 1210 1303 noster
1240 1237 1283 1302 ad

148 1346 325 1432 Sapientes
340 1355 428 1415 terre
443 1348 466 1414 f.
586 1344 838 1413 Serenissimum
854 1345 1032 1413 Dominum
1046 1345 1173 1428 Regem
1189 1345 1282 1412 Hun-

147 1443 322 1541 parie'vii·
337 1453 468 1523 Nobssis
483 1456 508 1522 J
510 1476 633 1522 oannes
649 1454 767 1537 Amo,
784 1454 876 1521 miles
901 1455 956 1538 qui
972 1475 1032 1538 pro
1055 1454 1144 1519 illius
1170 1453 1285 1520 lauda·

148 1564 208 1630 bili
225 1565 459 1633 consuetudine
475 1565 634 1632 serviendi
652 1564 806 1631 Dominio
822 1569 934 1631 nostro
953 1565 1147 1647 acceptavit,
1173 1569 1205 1628 et
1220 1564 1285 1628 iter

147 1693 243 1739 snum
258 1679 405 1740 facturus
421 1679 471 1738 est
486 1694 546 1756 per
571 1673 645 1738 loca
671 1671 874 1739 Serenissimi
899 1670 1033 1736 Domini
1059 1671 1285 1755 Imperatoris,

148 1786 183 1846 et
199 1779 256 1846 ubi
272 1783 337 1845 erit
362 1800 503 1865 persona
528 1778 718 1865 Majestatis
743 1801 807 1861 sue,
833 1780 920 1864 apud
946 1801 1043 1862 quam
1069 1777 1191 1863 poterit
1207 1800 1283 1861 snp-

146 1889 238 1972 plere
256 1890 398 1973 negotijs
414 1887 620 1955 conferendis
637 1910 710 1954 eum
726 1888 842 1954 eadem
858 1887 1046 1974 majestate,
1064 1889 1149 1953 sicut
1175 1888 1282 1971 pridie

148 1997 365 2063 deliberatum
383 1995 444 2062 init
459 1998 492 2062 in
510 1997 572 2064 hoo
589 1995 743 2079 Consilio,
758 2003 949 2081 propterea:

258 2105 362 2174 Vadit
377 2126 465 2190 pars,
487 2104 575 2189 qnod
600 2106 732 2189 negotia
757 2105 934 2186 antedicta,
959 2101 1090 2187 quando
1115 2103 1173 2168 fiet
1189 2101 1283 2168 Gom·

150 2213 273 2295 missio,
288 2211 393 2278 eidem
409 2213 546 2280 Oratori
562 2214 624 2297 ipsi
640 2215 885 2280 committantur
900 2213 959 2278 sub
976 2233 1015 2278 ea
1039 2213 1145 2277 forma
1169 2211 1283 2276 verbo-

152 2344 226 2386 rum
243 2329 276 2386 et
292 2320 531 2406 mandatorum,
547 2341 611 2404 que
626 2322 701 2388 huic
717 2321 864 2388 Consilio
880 2323 951 2387 visa
967 2320 1099 2386 fuerint.

262 2431 304 2512 ΔΓ
354 2433 416 2494 136
463 2471 505 2480 -
555 2435 595 2494 10
645 2472 681 2481 -
732 2435 762 2495 a.

263 2593 298 2656 (V
300 2594 419 2642 elenczei
432 2593 610 2658 altamkonyv
627 2598 668 2644 19.
680 2596 709 2658 Ι.)
812 2608 815 2614 ·

691 3009 741 3076 74.

149 3173 246 3236 1469.
270 3169 299 3234 Α
323 3169 475 3236 υεὶωιοκεί
499 3169 720 3238 attentandos
744 3171 845 3261 Aymo
868 3173 988 3243 Jctaoct
1013 3177 1133 3242 eleazar
1156 3177 1281 3242 suvetot

147 3282 245 3344 tuidi
276 3305 297 3343 a
329 3278 516 3345 cedszdrhoz
541 3305 561 3344 α
585 3281 706 3346 trieezti
731 3283 763 3346 e'a
787 3283 920 3368 lipabeli
942 3286 1045 3372 itpyek
1075 3285 1283 3372 &impubem

147 3394 268 3452 azrudn
285 3413 306 3452 a
322 3412 464 3475 mappae·
479 3390 648 3476 kirdlphoz
664 3415 685 3454 a
700 3393 792 3456 coroa
807 3393 899 3456 ellani
922 3393 1101 3460 badricele'a
1124 3397 1156 3458 e'a
1172 3419 1194 3459 a
1210 3397 1281 3458 hor-

147 3499 330 3582 odtovuzdpi
346 3497 408 3560 hdo
423 3499 796 3580 parczdolkodueainak
812 3505 1059 3585 mepsze'iutetc‘ae,
1076 3527 1097 3568 a
1113 3503 1281 3568 morldkok

151 3606 292 3691 itqyecek
309 3605 470 3670 eliuteae‘ce
486 3631 502 3671 a
518 3631 539 3672 a
556 3610 626 3672 caet
650 3631 733 3695 capy
758 3609 881 3696 lecpyel
907 3613 1028 3676 sutoro
1055 3614 1190 3677 eaetebec
1205 3612 1282 3675 calo

280 3720 488 3800 mapaturtcte
503 3719 535 3781 έε
552 3717 748 3783 Fordindud
763 3720 944 3806 hazaacdpo
960 3722 1152 3807 tdrqydbca.

148 3871 490 3944 MOOOOLXVIIII
506 3877 557 3942 die
574 3874 685 3946 XVII
700 3879 726 3948 J
727 3879 806 3964 unij.

148 3981 324 4066 Sapientes
342 3981 478 4069 Consilij
628 3981 861 4070 (iristophcrus
870 3985 1001 4069 Mauro,
1011 3986 1075 4051 Dei
1083 3989 1190 4071 gratia
1205 3987 1282 4054 Dux

146 4091 322 4176 Sapientes
338 4097 361 4157 t.
378 4089 399 4157 f.
583 4091 798 4161 Venetiamm
824 4099 857 4159 et
880 4101 941 4160 ect.
962 4091 1202 4161 committimus
1219 4095 1281 4160 tibi

146 4201 263 4268 Nobili
281 4203 349 4265 viro
364 4201 389 4267 J
391 4201 489 4266 canni
505 4199 624 4285 Aymo,
641 4201 747 4283 militi,
764 4201 883 4268 dilecto
904 4203 965 4267 civi
989 4211 1022 4268 et
1046 4203 1135 4268 fideli
1160 4209 1281 4284 nostro,

146 4311 236 4393 quod
253 4310 354 4376 vadas
372 4310 494 4378 Orator
509 4318 620 4376 noster
636 4310 680 4375 ad
697 4309 946 4378 Serenissimum
972 4311 1148 4378 Dominum
1174 4313 1279 4397 Impe-

146 4426 307 4500 ratorem,
325 4419 412 4502 apud
430 4419 520 4502 cujus
530 4417 739 4501 Majestatem
755 4425 928 4504 postquam
943 4419 1108 4503 presentia
1123 4421 1280 4488 mandata

146 4533 262 4594 nostra
288 4525 391 4592 fueris
417 4533 578 4608 executus,
604 4529 813 4613 prosequaris
839 4529 902 4594 iter
927 4534 1019 4594 tuum
1044 4528 1087 4594 ad
1107 4527 1281 4612 Serenissi·
